%% This BibTeX bibliography file was created using BibDesk.
%% http://bibdesk.sourceforge.net/

%% Created for Howard Nuer at 2016-11-03 21:05:27 -0400 


%% Saved with string encoding Unicode (UTF-8) 



@article{Yos16b,
	Abstract = {We give some remarks on our papers with Minamide and Yanagida on Bridgeland stability conditions. We also give a remark on stability conditions on Enriques surfaces, and give another proof of the projectivity of the coarse moduli spaces of semi-stable objects, which were obtained by Nuer.},
	Author = {K. Yoshioka},
	Date-Added = {2016-11-04 01:03:30 +0000},
	Date-Modified = {2016-11-04 01:05:03 +0000},
	Eprint = {1607.04946},
	Month = {07},
	Title = {Some remarks on {B}ridgeland stability conditions on {K3} and {E}nriques surfaces},
	Url = {https://arxiv.org/abs/1607.04946},
	Year = {2016},
	Bdsk-Url-1 = {https://arxiv.org/abs/1607.04946}}

@article{Voi,
	Author = {C. Voisin},
	Date-Added = {2016-07-20 18:51:43 +0000},
	Date-Modified = {2016-07-20 18:55:14 +0000},
	Eprint = {1407.7261},
	Journal = {J. Eur. Math. Soc. (JEMS), to appear},
	Month = {07},
	Title = {On the universal $\mathrm{CH}_0$ group of cubic hypersurfaces.},
	Url = {http://arxiv.org/abs/1407.7261},
	Year = {2014},
	Bdsk-Url-1 = {http://arxiv.org/abs/1407.7261}}

@article{Voi07,
	Author = {C. Voisin},
	Date-Added = {2016-07-20 18:50:37 +0000},
	Date-Modified = {2016-07-20 18:56:25 +0000},
	Doi = {10.1007/s11537-007-0639-x},
	Fjournal = {Japanese Journal of Mathematics},
	Issn = {0289-2316},
	Journal = {Jpn. J. Math.},
	Mrclass = {14C30 (32J25)},
	Mrnumber = {2342587},
	Mrreviewer = {James D. Lewis},
	Number = {2},
	Pages = {261--296},
	Title = {Some aspects of the {H}odge conjecture},
	Url = {http://dx.doi.org.proxy.libraries.rutgers.edu/10.1007/s11537-007-0639-x},
	Volume = {2},
	Year = {2007},
	Bdsk-Url-1 = {http://www.ams.org.proxy.libraries.rutgers.edu/mathscinet-getitem?mr=2342587}}

@article{Ver84,
	Author = {A. Verra},
	Coden = {IMTHBJ},
	Date-Added = {2016-07-20 18:50:06 +0000},
	Date-Modified = {2016-07-20 19:00:46 +0000},
	Fjournal = {Koninklijke Nederlandse Akademie van Wetenschappen. Indagationes Mathematicae},
	Issn = {0019-3577},
	Journal = {Nederl. Akad. Wetensch. Indag. Math.},
	Mrclass = {14H15 (14H40 14J28)},
	Mrnumber = {763470},
	Mrreviewer = {Fran{\c{c}}ois Cossec},
	Number = {3},
	Pages = {339--355},
	Title = {A short proof of the unirationality of {${\mathcal A}_5$}},
	Volume = {46},
	Year = {1984},
	Bdsk-Url-1 = {http://www.ams.org.proxy.libraries.rutgers.edu/mathscinet-getitem?mr=763470}}

@article{TVA,
	Abstract = {A special cubic fourfold is a smooth hypersurface of degree three and dimension four that contains a surface not homologous to a complete intersection. Special cubic fourfolds give rise to a countable family of Noether-Lefschetz divisors C_d in the moduli space C of smooth cubic fourfolds. These divisors are irreducible 19-dimensional varieties birational to certain orthogonal modular varieties. We use the "low-weight cusp form trick" of Gritsenko, Hulek, and Sankaran to show that C_d is of general type for d >> 0. For example, if d = 6n + 2, then C_d is of general type for n > 18, n not in {20,21,25}; it has nonnegative Kodaira dimension if n > 13 and n is not equal to 15. We discuss some questions pertaining to the arithmetic of K3 surfaces raised by our results.},
	Author = {S. Tanimoto and A. V{\'a}rilly-Alvarado},
	Date-Added = {2016-07-20 18:49:39 +0000},
	Date-Modified = {2016-07-20 18:55:59 +0000},
	Eprint = {1509.01562},
	Month = {09},
	Title = {Kodaira dimension of moduli of special cubic fourfolds},
	Url = {http://arxiv.org/abs/1509.01562},
	Year = {2015},
	Bdsk-Url-1 = {http://arxiv.org/abs/1509.01562}}

@book{Ueno,
	Author = {K. Ueno},
	Date-Added = {2016-07-20 18:48:51 +0000},
	Date-Modified = {2016-07-20 18:53:18 +0000},
	Mrclass = {14D20 (32J25)},
	Mrnumber = {0506253},
	Mrreviewer = {D. Lieberman},
	Note = {Notes written in collaboration with P. Cherenack},
	Pages = {xix+278},
	Publisher = {Springer-Verlag, Berlin-New York},
	Series = {Lecture Notes in Mathematics, Vol. 439},
	Title = {Classification theory of algebraic varieties and compact complex spaces},
	Year = {1975},
	Bdsk-Url-1 = {http://www.ams.org.proxy.libraries.rutgers.edu/mathscinet-getitem?mr=0506253}}

@incollection{Sch,
	Author = {F.O. Schreyer},
	Booktitle = {Handbook of moduli. {V}ol. {III}},
	Date-Added = {2016-07-20 18:48:17 +0000},
	Date-Modified = {2016-07-20 18:56:59 +0000},
	Mrclass = {14H10 (14-04 14M20 14Q05)},
	Mrnumber = {3135439},
	Pages = {257--280},
	Publisher = {Int. Press, Somerville, MA},
	Series = {Adv. Lect. Math. (ALM)},
	Title = {Computer aided unirationality proofs of moduli spaces},
	Volume = {26},
	Year = {2013},
	Bdsk-Url-1 = {http://www.ams.org.proxy.libraries.rutgers.edu/mathscinet-getitem?mr=3135439}}

@article{Huy15,
	Author = {D. Huybrechts},
	Date-Added = {2016-07-20 18:46:56 +0000},
	Date-Modified = {2016-07-20 18:52:53 +0000},
	Eprint = {1505.01775},
	Journal = {arXiv:1505.01775},
	Month = {05},
	Title = {The {K3} category of a cubic fourfold},
	Url = {http://arxiv.org/abs/1505.01775},
	Year = {2015},
	Bdsk-Url-1 = {http://arxiv.org/abs/1505.01775}}

@article{GS,
	Author = {D. Grayson and M. Stillman},
	Date-Added = {2016-07-20 18:44:47 +0000},
	Date-Modified = {2016-07-20 18:45:44 +0000},
	Journal = {Source and object code available from http://www.math.uiuc.edu/Macaulay2/},
	Title = {Macaulay 2: A computer program designed to support computations in algebraic geometry and computer algebra}}

@incollection{GHS13,
	Author = {V. Gritsenko and K. Hulek and G. K. Sankaran},
	Booktitle = {Handbook of moduli. {V}ol. {I}},
	Date-Added = {2016-07-20 18:43:55 +0000},
	Date-Modified = {2016-07-20 18:57:38 +0000},
	Mrclass = {14J10 (14J28 53C26)},
	Mrnumber = {3184170},
	Mrreviewer = {Aristides I. Kontogeorgis},
	Pages = {459--526},
	Publisher = {Int. Press, Somerville, MA},
	Series = {Adv. Lect. Math. (ALM)},
	Title = {Moduli of {K}3 surfaces and irreducible symplectic manifolds},
	Volume = {24},
	Year = {2013},
	Bdsk-Url-1 = {http://www.ams.org.proxy.libraries.rutgers.edu/mathscinet-getitem?mr=3184170}}

@article{DM,
	Author = {I. Dolgachev and D. Markushevich},
	Date-Added = {2016-07-20 18:41:03 +0000},
	Date-Modified = {2016-07-20 18:42:16 +0000},
	Journal = {manuscript in preparation},
	Title = {Lagrangian Tens of Planes, {E}nriques Surfaces, and Holomorphic Symplectic Fourfolds}}

@article{KY08,
	Author = {K. Kurihara and K. Yoshioka},
	Coden = {MSMHB2},
	Date-Added = {2016-06-14 23:43:42 +0000},
	Date-Modified = {2016-06-14 23:44:09 +0000},
	Doi = {10.1007/s00229-008-0169-8},
	Fjournal = {Manuscripta Mathematica},
	Issn = {0025-2611},
	Journal = {Manuscripta Math.},
	Mrclass = {32L05},
	Mrnumber = {2403183},
	Mrreviewer = {Paolo Stellari},
	Number = {2},
	Pages = {143--166},
	Title = {Holomorphic vector bundles on non-algebraic tori of dimension 2},
	Url = {http://dx.doi.org.proxy.libraries.rutgers.edu/10.1007/s00229-008-0169-8},
	Volume = {126},
	Year = {2008},
	Bdsk-Url-1 = {http://www.ams.org.proxy.libraries.rutgers.edu/mathscinet-getitem?mr=2403183}}

@article{Ive72,
	Author = {B. Iversen},
	Date-Added = {2016-06-08 19:07:19 +0000},
	Date-Modified = {2016-06-08 19:07:48 +0000},
	Fjournal = {Inventiones Mathematicae},
	Issn = {0020-9910},
	Journal = {Invent. Math.},
	Mrclass = {14L10},
	Mrnumber = {0299608},
	Mrreviewer = {J.-E. Bertin},
	Pages = {229--236},
	Title = {A fixed point formula for action of tori on algebraic varieties},
	Volume = {16},
	Year = {1972},
	Bdsk-Url-1 = {http://www.ams.org.proxy.libraries.rutgers.edu/mathscinet-getitem?mr=0299608}}

@article{CH15,
	Author = {I. Coskun and J. Huizenga},
	Date-Added = {2016-06-03 19:57:21 +0000},
	Date-Modified = {2016-06-03 19:57:58 +0000},
	Eprint = {1512.02661},
	Month = {12},
	Title = {The nef cone of the moduli space of sheaves and strong {B}ogomolov inequalities},
	Url = {http://arxiv.org/abs/1512.02661},
	Year = {2015},
	Bdsk-Url-1 = {http://arxiv.org/abs/1512.02661}}

@article{Lin02,
	Author = {H.W. Lin},
	Coden = {TAMTAM},
	Date-Added = {2016-06-03 16:44:00 +0000},
	Date-Modified = {2016-06-03 16:44:20 +0000},
	Doi = {10.1090/S0002-9947-02-02879-9},
	Fjournal = {Transactions of the American Mathematical Society},
	Issn = {0002-9947},
	Journal = {Trans. Amer. Math. Soc.},
	Mrclass = {14E15 (14J70)},
	Mrnumber = {1881020},
	Mrreviewer = {Nicolas Pouyanne},
	Number = {5},
	Pages = {1861--1868 (electronic)},
	Title = {On crepant resolution of some hypersurface singularities and a criterion for {UFD}},
	Url = {http://dx.doi.org.proxy.libraries.rutgers.edu/10.1090/S0002-9947-02-02879-9},
	Volume = {354},
	Year = {2002},
	Bdsk-Url-1 = {http://www.ams.org.proxy.libraries.rutgers.edu/mathscinet-getitem?mr=1881020}}

@book{Nak04,
	Author = {N. Nakayama},
	Date-Added = {2016-06-03 15:32:32 +0000},
	Date-Modified = {2016-06-03 15:33:00 +0000},
	Isbn = {4-931469-31-0},
	Mrclass = {14C20 (14E15 14E30 14J10)},
	Mrnumber = {2104208},
	Mrreviewer = {Tommaso De Fernex},
	Pages = {xiv+277},
	Publisher = {Mathematical Society of Japan, Tokyo},
	Series = {MSJ Memoirs},
	Title = {Zariski-decomposition and abundance},
	Volume = {14},
	Year = {2004},
	Bdsk-Url-1 = {http://www.ams.org.proxy.libraries.rutgers.edu/mathscinet-getitem?mr=2104208}}

@book{Ish14,
	Author = {S. Ishii},
	Date-Added = {2016-06-03 15:26:31 +0000},
	Date-Modified = {2016-06-03 15:26:59 +0000},
	Doi = {10.1007/978-4-431-55081-5},
	Isbn = {978-4-431-55080-8; 978-4-431-55081-5},
	Mrclass = {14B05 (14E15)},
	Mrnumber = {3288750},
	Mrreviewer = {Santiago Encinas},
	Pages = {viii+223},
	Publisher = {Springer, Tokyo},
	Title = {Introduction to singularities},
	Url = {http://dx.doi.org.proxy.libraries.rutgers.edu/10.1007/978-4-431-55081-5},
	Year = {2014},
	Bdsk-Url-1 = {http://www.ams.org.proxy.libraries.rutgers.edu/mathscinet-getitem?mr=3288750}}

@book{Mat02,
	Author = {K. Matsuki},
	Date-Added = {2016-06-03 15:26:01 +0000},
	Date-Modified = {2016-06-03 15:27:23 +0000},
	Doi = {10.1007/978-1-4757-5602-9},
	Isbn = {0-387-98465-8},
	Mrclass = {14E30 (14-02 14E05 14J17 14J30)},
	Mrnumber = {1875410},
	Mrreviewer = {Massimiliano Mella},
	Pages = {xxiv+478},
	Publisher = {Springer-Verlag, New York},
	Series = {Universitext},
	Title = {Introduction to the {M}ori program},
	Url = {http://dx.doi.org.proxy.libraries.rutgers.edu/10.1007/978-1-4757-5602-9},
	Year = {2002},
	Bdsk-Url-1 = {http://www.ams.org.proxy.libraries.rutgers.edu/mathscinet-getitem?mr=1875410}}

@book{Fre64,
	Author = {P. Freyd},
	Date-Added = {2016-06-02 14:54:02 +0000},
	Date-Modified = {2016-06-02 14:54:52 +0000},
	Mrclass = {18.15},
	Mrnumber = {0166240},
	Mrreviewer = {A. Heller},
	Pages = {xi+164},
	Publisher = {Harper \& Row, Publishers, New York},
	Series = {Harper's Series in Modern Mathematics},
	Title = {Abelian categories. {A}n introduction to the theory of functors},
	Year = {1964},
	Bdsk-Url-1 = {http://www.ams.org.proxy.libraries.rutgers.edu/mathscinet-getitem?mr=0166240}}

@article{BP83,
	Author = {W. Barth and C. Peters},
	Coden = {INVMBH},
	Date-Added = {2016-06-01 22:09:46 +0000},
	Date-Modified = {2016-06-01 22:10:13 +0000},
	Doi = {10.1007/BF01388435},
	Fjournal = {Inventiones Mathematicae},
	Issn = {0020-9910},
	Journal = {Invent. Math.},
	Mrclass = {14J50 (14J28 14N10)},
	Mrnumber = {718937},
	Mrreviewer = {David R. Morrison},
	Number = {3},
	Pages = {383--411},
	Title = {Automorphisms of {E}nriques surfaces},
	Url = {http://dx.doi.org.proxy.libraries.rutgers.edu/10.1007/BF01388435},
	Volume = {73},
	Year = {1983},
	Bdsk-Url-1 = {http://www.ams.org.proxy.libraries.rutgers.edu/mathscinet-getitem?mr=718937}}

@article{Ume15,
	Author = {Y. Umezu},
	Date-Added = {2016-06-01 20:52:30 +0000},
	Date-Modified = {2016-06-01 20:52:56 +0000},
	Doi = {10.1142/S0129167X15500159},
	Fjournal = {International Journal of Mathematics},
	Issn = {0129-167X},
	Journal = {Internat. J. Math.},
	Mrclass = {14J27 (14N25)},
	Mrnumber = {3319670},
	Number = {2},
	Pages = {1550015, 22},
	Title = {Normal quintic surfaces with {K}odaira dimension one},
	Url = {http://dx.doi.org.proxy.libraries.rutgers.edu/10.1142/S0129167X15500159},
	Volume = {26},
	Year = {2015},
	Bdsk-Url-1 = {http://www.ams.org.proxy.libraries.rutgers.edu/mathscinet-getitem?mr=3319670}}

@article{CH12,
	Author = {M. Casanellas and R. Hartshorne with an appendix by F. Geiss and F.-O. Schreyer},
	Date-Added = {2016-05-23 20:32:19 +0000},
	Date-Modified = {2016-05-23 20:33:36 +0000},
	Doi = {10.1142/S0129167X12500838},
	Fjournal = {International Journal of Mathematics},
	Issn = {0129-167X},
	Journal = {Internat. J. Math.},
	Mrclass = {14J60 (13C14)},
	Mrnumber = {2949221},
	Mrreviewer = {Francesco Malaspina},
	Number = {8},
	Pages = {1250083, 50},
	Title = {Stable {U}lrich bundles},
	Url = {http://dx.doi.org.proxy.libraries.rutgers.edu/10.1142/S0129167X12500838},
	Volume = {23},
	Year = {2012},
	Bdsk-Url-1 = {http://www.ams.org.proxy.libraries.rutgers.edu/mathscinet-getitem?mr=2949221}}

@article{CD85,
	Author = {F. Cossec and I. Dolgachev},
	Coden = {MAANA},
	Date-Added = {2016-05-20 18:41:40 +0000},
	Date-Modified = {2016-05-20 18:42:27 +0000},
	Doi = {10.1007/BF01455565},
	Fjournal = {Mathematische Annalen},
	Issn = {0025-5831},
	Journal = {Math. Ann.},
	Mrclass = {14J28},
	Mrnumber = {799668},
	Mrreviewer = {C. A. M. Peters},
	Number = {3},
	Pages = {369--384},
	Title = {Smooth rational curves on {E}nriques surfaces},
	Url = {http://dx.doi.org.proxy.libraries.rutgers.edu/10.1007/BF01455565},
	Volume = {272},
	Year = {1985},
	Bdsk-Url-1 = {http://www.ams.org.proxy.libraries.rutgers.edu/mathscinet-getitem?mr=799668}}

@article{CCHMRW15,
	Author = {I. Coskun and L. Costa and J. Huizenga and R. Mir{\'o}-Roig and M. Woolf},
	Date-Added = {2016-05-20 14:38:35 +0000},
	Date-Modified = {2016-05-20 14:40:26 +0000},
	Eprint = {1512.06193},
	Month = {12},
	Title = {Ulrich Schur bundles on flag varieties},
	Url = {http://arxiv.org/abs/1512.06193},
	Year = {2015},
	Bdsk-Url-1 = {http://arxiv.org/abs/1512.06193}}

@article{CMR15,
	Author = {L. Costa and R. Mir{{\'o}}-Roig},
	Date-Added = {2016-05-20 14:37:38 +0000},
	Date-Modified = {2016-05-20 14:40:17 +0000},
	Doi = {10.1007/s00208-014-1076-9},
	Fjournal = {Mathematische Annalen},
	Issn = {0025-5831},
	Journal = {Math. Ann.},
	Mrclass = {14J60 (13C14 14M15)},
	Mrnumber = {3302625},
	Mrreviewer = {Richard P. Thomas},
	Number = {1-2},
	Pages = {443--457},
	Title = {{$GL(V)$}-invariant {U}lrich bundles on {G}rassmannians},
	Url = {http://dx.doi.org.proxy.libraries.rutgers.edu/10.1007/s00208-014-1076-9},
	Volume = {361},
	Year = {2015},
	Bdsk-Url-1 = {http://www.ams.org.proxy.libraries.rutgers.edu/mathscinet-getitem?mr=3302625}}

@article{Kim16,
	Author = {Y. Kim},
	Date-Added = {2016-05-20 14:32:20 +0000},
	Date-Modified = {2016-05-20 14:32:34 +0000},
	Fjournal = {Manuscripta Mathematica},
	Issn = {0025-2611},
	Journal = {Manuscripta Math.},
	Mrclass = {14J26 (14J60)},
	Mrnumber = {3483171},
	Number = {1-2},
	Pages = {99--110},
	Title = {Ulrich bundles on rational surfaces with an anticanonical pencil},
	Volume = {150},
	Year = {2016},
	Bdsk-Url-1 = {http://www.ams.org.proxy.libraries.rutgers.edu/mathscinet-getitem?mr=3483171}}
    
@article {DR75,
    AUTHOR = {Desale, Usha V. and Ramanan, S.},
     TITLE = {Poincar\'e polynomials of the variety of stable bundles},
   JOURNAL = {Math. Ann.},
  FJOURNAL = {Mathematische Annalen},
    VOLUME = {216},
      YEAR = {1975},
    NUMBER = {3},
     PAGES = {233--244},
      ISSN = {0025-5831},
   MRCLASS = {14D20 (14F05 14F30)},
  MRNUMBER = {0379497},
MRREVIEWER = {P. E. Newstead},
}

@article{Bea15,
	Author = {A. Beauville},
	Date-Added = {2016-05-20 14:16:56 +0000},
	Date-Modified = {2016-05-20 14:17:15 +0000},
	Eprint = {1512.00992},
	Month = {12},
	Title = {Ulrich bundles on abelian surfaces},
	Url = {http://arxiv.org/abs/1512.00992},
	Year = {2015},
	Bdsk-Url-1 = {http://arxiv.org/abs/1512.00992}}

@article{HUB91,
	Author = {J. Herzog and B. Ulrich and J. Backelin},
	Coden = {JPAAA2},
	Date-Added = {2016-05-19 19:39:58 +0000},
	Date-Modified = {2016-05-19 19:40:30 +0000},
	Doi = {10.1016/0022-4049(91)90147-T},
	Fjournal = {Journal of Pure and Applied Algebra},
	Issn = {0022-4049},
	Journal = {J. Pure Appl. Algebra},
	Mrclass = {13C14},
	Mrnumber = {1117634},
	Mrreviewer = {Yuji Yoshino},
	Number = {2-3},
	Pages = {187--202},
	Title = {Linear maximal {C}ohen-{M}acaulay modules over strict complete intersections},
	Url = {http://dx.doi.org.proxy.libraries.rutgers.edu/10.1016/0022-4049(91)90147-T},
	Volume = {71},
	Year = {1991},
	Bdsk-Url-1 = {http://www.ams.org.proxy.libraries.rutgers.edu/mathscinet-getitem?mr=1117634}}

@article{CKM12,
	Author = {E. Coskun and R. Kulkarni and Y. Mustopa},
	Date-Added = {2016-05-19 19:26:57 +0000},
	Date-Modified = {2016-05-19 19:27:36 +0000},
	Fjournal = {Documenta Mathematica},
	Issn = {1431-0635},
	Journal = {Doc. Math.},
	Mrclass = {14J60 (14J28 15A66 16G30)},
	Mrnumber = {3007683},
	Mrreviewer = {Helena Ferreira Soares},
	Pages = {1003--1028},
	Title = {Pfaffian quartic surfaces and representations of {C}lifford algebras},
	Volume = {17},
	Year = {2012},
	Bdsk-Url-1 = {http://www.ams.org.proxy.libraries.rutgers.edu/mathscinet-getitem?mr=3007683}}

@article{AFO12,
	Abstract = {The Minimal Resolution Conjecture (MRC) for points on a projective variety X predicts that the Betti numbers of general sets of points in X are as small as the geometry (Hilbert function) of X allows. To a large extent, we settle this conjecture for a curve C with general moduli. We show that, independently of the genus, MRC holds for a general linear system of degree d and dimension r on C if and only if d>2r-1. We then proceed to find a full solution to the Ideal Generation Conjecture for curves with general moduli. In a different direction, we prove that K3 surfaces admit Ulrich bundles of every rank. We apply this to describe a pfaffian equation for the Chow form of a K3 surface.},
	Author = {M. Aprodu and F. Gavril and A. Ortega},
	Date-Added = {2016-05-19 19:11:56 +0000},
	Date-Modified = {2016-05-19 19:13:06 +0000},
	Eprint = {1212.6248},
	Journal = {Crelle},
	Month = {12},
	Title = {Minimal resolutions, {C}how forms and {U}lrich bundles on {K3} surfaces},
	Url = {http://arxiv.org/abs/1212.6248},
	Year = {2012},
	Bdsk-Url-1 = {http://arxiv.org/abs/1212.6248}}

@article{FMP03,
	Author = {G. Farkas and M. Musta\c{t}\v{a} and M. Popa},
	Coden = {ASENAH},
	Date-Added = {2016-05-19 19:10:37 +0000},
	Date-Modified = {2016-05-19 19:22:51 +0000},
	Doi = {10.1016/S0012-9593(03)00022-3},
	Fjournal = {Annales Scientifiques de l'{\'E}cole Normale Sup{\'e}rieure. Quatri{\`e}me S{\'e}rie},
	Issn = {0012-9593},
	Journal = {Ann. Sci. {\'E}cole Norm. Sup. (4)},
	Mrclass = {14H10 (13D02 14H60)},
	Mrnumber = {2013926},
	Mrreviewer = {Arnaud Beauville},
	Number = {4},
	Pages = {553--581},
	Title = {Divisors on {${\MM}_{g,g+1}$} and the minimal resolution conjecture for points on canonical curves},
	Url = {http://dx.doi.org.proxy.libraries.rutgers.edu/10.1016/S0012-9593(03)00022-3},
	Volume = {36},
	Year = {2003},
	Bdsk-Url-1 = {http://www.ams.org.proxy.libraries.rutgers.edu/mathscinet-getitem?mr=2013926}}

@article{EPSW02,
	Author = {D. Eisenbud and S. Popescu and F.-O. Schreyer and C. Walter},
	Coden = {DUMJAO},
	Date-Added = {2016-05-19 19:08:56 +0000},
	Date-Modified = {2016-05-19 19:14:52 +0000},
	Doi = {10.1215/S0012-9074-02-11226-5},
	Fjournal = {Duke Mathematical Journal},
	Issn = {0012-7094},
	Journal = {Duke Math. J.},
	Mrclass = {13D02 (14M05 15A75)},
	Mrnumber = {1894365},
	Mrreviewer = {Martin Kreuzer},
	Number = {2},
	Pages = {379--395},
	Title = {Exterior algebra methods for the minimal resolution conjecture},
	Url = {http://dx.doi.org.proxy.libraries.rutgers.edu/10.1215/S0012-9074-02-11226-5},
	Volume = {112},
	Year = {2002},
	Bdsk-Url-1 = {http://www.ams.org.proxy.libraries.rutgers.edu/mathscinet-getitem?mr=1894365}}

@incollection{ES11,
	Author = {D. Eisenbud and F.-O. Schreyer},
	Booktitle = {Combinatorial aspects of commutative algebra and algebraic geometry},
	Date-Added = {2016-05-19 19:07:46 +0000},
	Date-Modified = {2016-05-19 19:15:17 +0000},
	Doi = {10.1007/978-3-642-19492-4_3},
	Mrclass = {13D02 (14F05)},
	Mrnumber = {2810424},
	Pages = {35--48},
	Publisher = {Springer, Berlin},
	Series = {Abel Symp.},
	Title = {Boij-{S}{\"o}derberg theory},
	Url = {http://dx.doi.org.proxy.libraries.rutgers.edu/10.1007/978-3-642-19492-4_3},
	Volume = {6},
	Year = {2011},
	Bdsk-Url-1 = {http://www.ams.org.proxy.libraries.rutgers.edu/mathscinet-getitem?mr=2810424}}

@article{Ulr84,
	Author = {B. Ulrich},
	Coden = {MAZEAX},
	Date-Added = {2016-05-19 18:18:27 +0000},
	Date-Modified = {2016-05-19 18:19:01 +0000},
	Doi = {10.1007/BF01163869},
	Fjournal = {Mathematische Zeitschrift},
	Issn = {0025-5874},
	Journal = {Math. Z.},
	Mrclass = {13H10 (13D10)},
	Mrnumber = {767359},
	Mrreviewer = {J{{\"u}}rgen Herzog},
	Number = {1},
	Pages = {23--32},
	Title = {Gorenstein rings and modules with high numbers of generators},
	Url = {http://dx.doi.org.proxy.libraries.rutgers.edu/10.1007/BF01163869},
	Volume = {188},
	Year = {1984},
	Bdsk-Url-1 = {http://www.ams.org.proxy.libraries.rutgers.edu/mathscinet-getitem?mr=767359}}

@article{CH04,
	Author = {M. Casanellas and R. Hartshorne},
	Coden = {JALGA4},
	Date-Added = {2016-05-19 18:04:20 +0000},
	Date-Modified = {2016-05-19 18:04:46 +0000},
	Doi = {10.1016/j.jalgebra.2003.11.013},
	Fjournal = {Journal of Algebra},
	Issn = {0021-8693},
	Journal = {J. Algebra},
	Mrclass = {14M06 (13C14)},
	Mrnumber = {2068080},
	Mrreviewer = {Maria Luisa Spreafico},
	Number = {1},
	Pages = {314--341},
	Title = {Gorenstein biliaison and {ACM} sheaves},
	Url = {http://dx.doi.org.proxy.libraries.rutgers.edu/10.1016/j.jalgebra.2003.11.013},
	Volume = {278},
	Year = {2004},
	Bdsk-Url-1 = {http://www.ams.org.proxy.libraries.rutgers.edu/mathscinet-getitem?mr=2068080}}

@book{Yos90,
	Author = {Y. Yoshino},
	Date-Added = {2016-05-19 17:36:31 +0000},
	Date-Modified = {2016-05-19 17:36:50 +0000},
	Doi = {10.1017/CBO9780511600685},
	Isbn = {0-521-35694-6},
	Mrclass = {13C14 (13H10 14B05 16G70)},
	Mrnumber = {1079937},
	Mrreviewer = {J{{\"u}}rgen Herzog},
	Pages = {viii+177},
	Publisher = {Cambridge University Press, Cambridge},
	Series = {London Mathematical Society Lecture Note Series},
	Title = {Cohen-{M}acaulay modules over {C}ohen-{M}acaulay rings},
	Url = {http://dx.doi.org.proxy.libraries.rutgers.edu/10.1017/CBO9780511600685},
	Volume = {146},
	Year = {1990},
	Bdsk-Url-1 = {http://www.ams.org.proxy.libraries.rutgers.edu/mathscinet-getitem?mr=1079937}}

@article{MR15,
	Author = {R. Mir{{\'o}}-Roig},
	Date-Added = {2016-05-19 17:27:07 +0000},
	Date-Modified = {2016-05-19 17:27:36 +0000},
	Doi = {10.1090/S0002-9939-2014-12198-8},
	Fjournal = {Proceedings of the American Mathematical Society},
	Issn = {0002-9939},
	Journal = {Proc. Amer. Math. Soc.},
	Mrclass = {14M05 (13C14 14N05)},
	Mrnumber = {3272732},
	Mrreviewer = {Juan C. Migliore},
	Number = {1},
	Pages = {61--68},
	Title = {On the representation type of a projective variety},
	Url = {http://dx.doi.org.proxy.libraries.rutgers.edu/10.1090/S0002-9939-2014-12198-8},
	Volume = {143},
	Year = {2015},
	Bdsk-Url-1 = {http://www.ams.org.proxy.libraries.rutgers.edu/mathscinet-getitem?mr=3272732}}

@article{Ell75,
	Author = {G. Ellingsrud},
	Date-Added = {2016-05-19 17:22:47 +0000},
	Date-Modified = {2016-05-19 17:23:07 +0000},
	Fjournal = {Annales Scientifiques de l'{\'E}cole Normale Sup{\'e}rieure. Quatri{\`e}me S{\'e}rie},
	Issn = {0012-9593},
	Journal = {Ann. Sci. {\'E}cole Norm. Sup. (4)},
	Mrclass = {14C05 (14M05)},
	Mrnumber = {0393020},
	Mrreviewer = {G. Horrocks},
	Number = {4},
	Pages = {423--431},
	Title = {Sur le sch{\'e}ma de {H}ilbert des vari{\'e}t{\'e}s de codimension {$2$} dans {${\bf P}^{e}$} {\`a} c\^one de {C}ohen-{M}acaulay},
	Volume = {8},
	Year = {1975},
	Bdsk-Url-1 = {http://www.ams.org.proxy.libraries.rutgers.edu/mathscinet-getitem?mr=0393020}}

@article{Hor64,
	Author = {G. Horrocks},
	Date-Added = {2016-05-19 15:31:59 +0000},
	Date-Modified = {2016-05-19 15:32:17 +0000},
	Fjournal = {Proceedings of the London Mathematical Society. Third Series},
	Issn = {0024-6115},
	Journal = {Proc. London Math. Soc. (3)},
	Mrclass = {14.55 (16.00)},
	Mrnumber = {0169877},
	Mrreviewer = {M. F. Atiyah},
	Pages = {689--713},
	Title = {Vector bundles on the punctured spectrum of a local ring},
	Volume = {14},
	Year = {1964},
	Bdsk-Url-1 = {http://www.ams.org.proxy.libraries.rutgers.edu/mathscinet-getitem?mr=0169877}}

@article{Bri98,
	Author = {T. Bridgeland},
	Coden = {JRMAA8},
	Date-Added = {2016-05-03 16:23:28 +0000},
	Date-Modified = {2016-05-03 16:23:49 +0000},
	Doi = {10.1515/crll.1998.046},
	Fjournal = {Journal f{\"u}r die Reine und Angewandte Mathematik},
	Issn = {0075-4102},
	Journal = {J. Reine Angew. Math.},
	Mrclass = {14D20 (14J27 14J60)},
	Mrnumber = {1629929},
	Mrreviewer = {Antony Maciocia},
	Pages = {115--133},
	Title = {Fourier-{M}ukai transforms for elliptic surfaces},
	Url = {http://dx.doi.org.proxy.libraries.rutgers.edu/10.1515/crll.1998.046},
	Volume = {498},
	Year = {1998},
	Bdsk-Url-1 = {http://www.ams.org.proxy.libraries.rutgers.edu/mathscinet-getitem?mr=1629929}}
    
@book {BH93,
    AUTHOR = {Bruns, Winfried and Herzog, J{\"u}rgen},
     TITLE = {Cohen-{M}acaulay rings},
    SERIES = {Cambridge Studies in Advanced Mathematics},
    VOLUME = {39},
 PUBLISHER = {Cambridge University Press, Cambridge},
      YEAR = {1993},
     PAGES = {xii+403},
      ISBN = {0-521-41068-1},
   MRCLASS = {13H10 (13-02)},
  MRNUMBER = {1251956},
MRREVIEWER = {Matthew Miller},
}

@book{BL04,
	Author = {C. Birkenhake and H. Lange},
	Date-Added = {2016-04-28 21:17:45 +0000},
	Date-Modified = {2016-04-28 21:18:08 +0000},
	Doi = {10.1007/978-3-662-06307-1},
	Edition = {Second},
	Isbn = {3-540-20488-1},
	Mrclass = {14-02 (14H37 14Kxx 32G20)},
	Mrnumber = {2062673},
	Mrreviewer = {Fumio Hazama},
	Pages = {xii+635},
	Publisher = {Springer-Verlag, Berlin},
	Series = {Grundlehren der Mathematischen Wissenschaften [Fundamental Principles of Mathematical Sciences]},
	Title = {Complex abelian varieties},
	Url = {http://dx.doi.org.proxy.libraries.rutgers.edu/10.1007/978-3-662-06307-1},
	Volume = {302},
	Year = {2004},
	Bdsk-Url-1 = {http://www.ams.org.proxy.libraries.rutgers.edu/mathscinet-getitem?mr=2062673}}

@book {Eis95,
    AUTHOR = {Eisenbud, David},
     TITLE = {Commutative algebra},
    SERIES = {Graduate Texts in Mathematics},
    VOLUME = {150},
      NOTE = {With a view toward algebraic geometry},
 PUBLISHER = {Springer-Verlag, New York},
      YEAR = {1995},
     PAGES = {xvi+785},
      ISBN = {0-387-94268-8; 0-387-94269-6},
   MRCLASS = {13-01 (14A05)},
  MRNUMBER = {1322960},
MRREVIEWER = {Matthew Miller},
       DOI = {10.1007/978-1-4612-5350-1},
       URL = {http://dx.doi.org/10.1007/978-1-4612-5350-1},
}

@article{Nam85,
	Author = {Y. Namikawa},
	Coden = {MAANA},
	Date-Added = {2016-04-28 19:20:16 +0000},
	Date-Modified = {2016-04-28 19:20:42 +0000},
	Doi = {10.1007/BF01456182},
	Fjournal = {Mathematische Annalen},
	Issn = {0025-5831},
	Journal = {Math. Ann.},
	Mrclass = {14J28 (14J15)},
	Mrnumber = {771979},
	Mrreviewer = {Fran{\c{c}}ois Cossec},
	Number = {2},
	Pages = {201--222},
	Title = {Periods of {E}nriques surfaces},
	Url = {http://dx.doi.org.proxy.libraries.rutgers.edu/10.1007/BF01456182},
	Volume = {270},
	Year = {1985},
	Bdsk-Url-1 = {http://www.ams.org.proxy.libraries.rutgers.edu/mathscinet-getitem?mr=771979}}

@article{ES03,
	Author = {D. Eisenbud and F.O. Schreyer},
	Date-Added = {2016-04-04 18:33:37 +0000},
	Date-Modified = {2016-04-04 18:34:55 +0000},
	Journal = {J. Amer. Math. Soc.},
	Pages = {537-579},
	Title = {Resultants and {C}how forms via exterior syzygies},
	Volume = {16},
	Year = {2003}}

@article{Sos13,
	Author = {P. Sosna},
	Date-Added = {2016-03-21 18:45:21 +0000},
	Date-Modified = {2016-03-21 18:45:39 +0000},
	Doi = {10.4171/RSMUP/130-7},
	Fjournal = {Rendiconti del Seminario Matematico della Universit{\`a} di Padova},
	Issn = {0041-8994},
	Journal = {Rend. Semin. Mat. Univ. Padova},
	Mrclass = {14F05 (11G10 14J28)},
	Mrnumber = {3148638},
	Mrreviewer = {Daniele Faenzi},
	Pages = {203--213},
	Title = {Fourier-{M}ukai partners of canonical covers of bielliptic and {E}nriques surfaces},
	Url = {http://dx.doi.org.proxy.libraries.rutgers.edu/10.4171/RSMUP/130-7},
	Volume = {130},
	Year = {2013},
	Bdsk-Url-1 = {http://www.ams.org.proxy.libraries.rutgers.edu/mathscinet-getitem?mr=3148638}}

@article{Ser90,
	Author = {F. Serrano},
	Coden = {MAZEAX},
	Date-Added = {2016-03-18 19:52:24 +0000},
	Date-Modified = {2016-03-18 19:52:48 +0000},
	Doi = {10.1007/BF02570754},
	Fjournal = {Mathematische Zeitschrift},
	Issn = {0025-5874},
	Journal = {Math. Z.},
	Mrclass = {14J05 (14E25 14J27 14J50)},
	Mrnumber = {1038716},
	Mrreviewer = {Tie Luo},
	Number = {3},
	Pages = {527--533},
	Title = {Divisors of bielliptic surfaces and embeddings in {${\bf P}^4$}},
	Url = {http://dx.doi.org.proxy.libraries.rutgers.edu/10.1007/BF02570754},
	Volume = {203},
	Year = {1990},
	Bdsk-Url-1 = {http://www.ams.org.proxy.libraries.rutgers.edu/mathscinet-getitem?mr=1038716}}

@incollection{AB11,
	Author = {D. Arcara and A. Bertram},
	Booktitle = {Grassmannians, moduli spaces and vector bundles},
	Date-Added = {2016-03-18 18:52:02 +0000},
	Date-Modified = {2016-03-18 18:52:02 +0000},
	Pages = {51--68},
	Publisher = {Amer. Math. Soc., Providence, RI},
	Series = {Clay Math. Proc.},
	Title = {Reider's theorem and {T}haddeus pairs revisited},
	Volume = {14},
	Year = {2011}}

@article{AB13,
	Author = {D. Arcara and A. Bertram},
	Date-Added = {2016-03-18 18:52:02 +0000},
	Date-Modified = {2016-03-18 18:52:02 +0000},
	Journal = {J. Eur. Math. Soc. (JEMS)},
	Number = {1},
	Pages = {1--38},
	Title = {Bridgeland-stable moduli spaces for {$K$}-trivial surfaces},
	Volume = {15},
	Year = {2013},
	Bdsk-Url-1 = {http://www.ams.org.proxy.libraries.rutgers.edu/mathscinet-getitem?mr=2998828}}

@article{ABCH13,
	Author = {D. Arcara and A. Bertram and I. Coskun and J. Huizenga},
	Date-Added = {2016-03-18 18:52:02 +0000},
	Date-Modified = {2016-03-18 18:52:02 +0000},
	Journal = {Adv. Math.},
	Pages = {580-626},
	Read = {0},
	Title = {The minimal model program for the {H}ilbert scheme of points on $\mathbb{P}^2$ and {B}ridgeland stability},
	Volume = {235},
	Year = {2013}}

@article{ACK07,
	Author = {L. {{\'A}}lvarez-C{{\'o}}nsul and A. King},
	Coden = {INVMBH},
	Date-Added = {2016-03-18 18:52:02 +0000},
	Date-Modified = {2016-03-18 18:52:02 +0000},
	Doi = {10.1007/s00222-007-0042-5},
	Fjournal = {Inventiones Mathematicae},
	Issn = {0020-9910},
	Journal = {Invent. Math.},
	Mrclass = {14D20 (14H60)},
	Mrnumber = {2299563 (2008d:14015)},
	Mrreviewer = {Jean-Marc Drezet},
	Number = {3},
	Pages = {613--666},
	Title = {A functorial construction of moduli of sheaves},
	Url = {http://dx.doi.org.proxy.libraries.rutgers.edu/10.1007/s00222-007-0042-5},
	Volume = {168},
	Year = {2007},
	Bdsk-Url-1 = {http://www.ams.org.proxy.libraries.rutgers.edu/mathscinet-getitem?mr=2299563}}

@article{Add14,
	Author = {N. Addington},
	Date-Added = {2016-03-18 18:52:02 +0000},
	Date-Modified = {2016-03-18 18:52:02 +0000},
	Journal = {arXiv:math/1405.4902},
	Title = {On two rationality conjectures for cubic fourfolds},
	Year = {2014}}

@article{AL14,
	Author = {N. Addington and M. Lehn},
	Date-Added = {2016-03-18 18:52:02 +0000},
	Date-Modified = {2016-03-18 18:52:02 +0000},
	Eprint = {1404.5657},
	Journal = {arXiv:math/1404.5657},
	Title = {On the symplectic eightfold associated to a Pfaffian cubic fourfold},
	Url = {http://lanl.arxiv.org/abs/1404.5657},
	Year = {2014},
	Bdsk-Url-1 = {http://lanl.arxiv.org/abs/1404.5657}}

@article{AM14,
	Author = {D. Arcara and E. Miles},
	Date-Added = {2016-03-18 18:52:02 +0000},
	Date-Modified = {2016-03-18 18:52:02 +0000},
	Journal = {arXiv:math/1401.6149},
	Title = {Bridgeland Stability of line bundles on surfaces}}

@article{AM15,
	Author = {D. Arcara and E. Miles},
	Date-Added = {2016-03-18 18:52:02 +0000},
	Date-Modified = {2016-03-18 18:52:02 +0000},
	Eprint = {1506.08793},
	Journal = {arXiv:math/1506.08793},
	Title = {Projectivity of {B}ridgeland moduli spaces on {D}el {P}ezzo surfaces of {P}icard rank 2},
	Url = {http://arxiv.org/abs/1506.08793},
	Year = {2015},
	Bdsk-Url-1 = {http://arxiv.org/abs/1506.08793}}

@article{AP06,
	Author = {D. Abramovich and A. Polishchuk},
	Date-Added = {2016-03-18 18:52:02 +0000},
	Date-Modified = {2016-03-18 18:52:02 +0000},
	Journal = {J. Reine Angew. Math.},
	Pages = {89--130},
	Title = {Sheaves of {$t$}-structures and valuative criteria for stable complexes},
	Volume = {590},
	Year = {2006},
	Bdsk-Url-1 = {http://www.ams.org.proxy.libraries.rutgers.edu/mathscinet-getitem?mr=2208130}}

@article{AT14,
	Author = {N. Addington and R. Thomas},
	Date-Added = {2016-03-18 18:52:02 +0000},
	Date-Modified = {2016-03-18 18:52:02 +0000},
	Journal = {Duke Math. J.},
	Number = {10},
	Pages = {1885-1927},
	Title = {Hodge theory and derived categories of cubic fourfolds},
	Volume = {163},
	Year = {2014}}

@article{Ati,
	Author = {M. Atiyah},
	Date-Added = {2016-03-18 18:52:02 +0000},
	Date-Modified = {2016-03-18 18:52:02 +0000},
	Fjournal = {Proceedings of the London Mathematical Society. Third Series},
	Issn = {0024-6115},
	Journal = {Proc. London Math. Soc. (3)},
	Mrclass = {14.55 (14.20)},
	Mrnumber = {0131423},
	Mrreviewer = {F. Hirzebruch},
	Pages = {414--452},
	Title = {Vector bundles over an elliptic curve},
	Volume = {7},
	Year = {1957},
	Bdsk-Url-1 = {http://www.ams.org.proxy.libraries.rutgers.edu/mathscinet-getitem?mr=0131423}}

@incollection{Bat99,
	Author = {V. Batyrev},
	Booktitle = {New trends in algebraic geometry ({W}arwick, 1996)},
	Date-Added = {2016-03-18 18:52:02 +0000},
	Date-Modified = {2016-03-18 18:52:02 +0000},
	Doi = {10.1017/CBO9780511721540.002},
	Mrclass = {14J32 (14E30 14G40)},
	Mrnumber = {1714818},
	Mrreviewer = {Mark Gross},
	Pages = {1--11},
	Publisher = {Cambridge Univ. Press, Cambridge},
	Series = {London Math. Soc. Lecture Note Ser.},
	Title = {Birational {C}alabi-{Y}au {$n$}-folds have equal {B}etti numbers},
	Url = {http://dx.doi.org.proxy.libraries.rutgers.edu/10.1017/CBO9780511721540.002},
	Volume = {264},
	Year = {1999},
	Bdsk-Url-1 = {http://www.ams.org.proxy.libraries.rutgers.edu/mathscinet-getitem?mr=1714818}}

@article{Bay15,
	Author = {A. Bayer},
	Date-Added = {2016-03-18 18:52:02 +0000},
	Date-Modified = {2016-03-18 18:52:02 +0000},
	Journal = {Lecture at AMS Summer Institute 2015, Salt Lake City},
	Title = {Stability and wall-crossing: applications to classical algebraic geometry},
	Year = {2015}}

@article{BB13,
	Author = {A. Bayer and T. Bridgeland},
	Date-Added = {2016-03-18 18:52:02 +0000},
	Date-Modified = {2016-03-18 18:52:02 +0000},
	Journal = {arXiv:math/1310.8266},
	Title = {Derived automorphism groups of {K3} surfaces of {P}icard rank 1},
	Year = {2013}}

@article{BBMT14,
	Author = {A. Bayer and A. Bertram and E. Macr{\`{\i}} and Y. Toda},
	Date-Added = {2016-03-18 18:52:02 +0000},
	Date-Modified = {2016-03-18 18:52:02 +0000},
	Doi = {10.1090/S1056-3911-2014-00637-8},
	Fjournal = {Journal of Algebraic Geometry},
	Issn = {1056-3911},
	Journal = {J. Algebraic Geom.},
	Mrclass = {14F05 (14C20 14J30)},
	Mrnumber = {3263665},
	Mrreviewer = {Fyodor L. Zak},
	Number = {4},
	Pages = {693--710},
	Title = {Bridgeland stability conditions of threefolds {II}: {A}n application to {F}ujita's conjecture},
	Url = {http://dx.doi.org.proxy.libraries.rutgers.edu/10.1090/S1056-3911-2014-00637-8},
	Volume = {23},
	Year = {2014},
	Bdsk-Url-1 = {http://www.ams.org.proxy.libraries.rutgers.edu/mathscinet-getitem?mr=3263665}}

@article{BC09,
	Author = {L. Borisov and A. C{\u{a}}ld{\u{a}}raru},
	Date-Added = {2016-03-18 18:52:02 +0000},
	Date-Modified = {2016-03-18 18:52:02 +0000},
	Journal = {J. Algebraic Geom.},
	Number = {2},
	Pages = {201-222},
	Title = {The {P}faffian-{G}rassmannian derived equivalence},
	Volume = {18},
	Year = {2009}}

@article{Bea83,
	Author = {A. Beauville},
	Coden = {JDGEAS},
	Date-Added = {2016-03-18 18:52:02 +0000},
	Date-Modified = {2016-03-18 18:52:02 +0000},
	Fjournal = {Journal of Differential Geometry},
	Issn = {0022-040X},
	Journal = {J. Differential Geom.},
	Mrclass = {32J25 (14J15 32C10 32G13 53C55)},
	Mrnumber = {730926},
	Mrreviewer = {N. J. Hitchin},
	Number = {4},
	Pages = {755--782 (1984)},
	Title = {Vari{\'e}t{\'e}s {K}{\"a}hleriennes dont la premi{\`e}re classe de {C}hern est nulle},
	Url = {http://projecteuclid.org.proxy.libraries.rutgers.edu/euclid.jdg/1214438181},
	Volume = {18},
	Year = {1983},
	Bdsk-Url-1 = {http://www.ams.org.proxy.libraries.rutgers.edu/mathscinet-getitem?mr=730926}}

@book{BHPV,
	Author = {W. Barth and K. Hulek and C. Peters and A. Van de Ven},
	Date-Added = {2016-03-18 18:52:02 +0000},
	Date-Modified = {2016-03-18 18:52:02 +0000},
	Doi = {10.1007/978-3-642-57739-0},
	Edition = {Second},
	Isbn = {3-540-00832-2},
	Mrclass = {14Jxx (14-02 32-02 32J15 57R57)},
	Mrnumber = {2030225},
	Mrreviewer = {I. Dolgachev},
	Pages = {xii+436},
	Publisher = {Springer-Verlag, Berlin},
	Series = {Ergebnisse der Mathematik und ihrer Grenzgebiete. 3. Folge. A Series of Modern Surveys in Mathematics [Results in Mathematics and Related Areas. 3rd Series. A Series of Modern Surveys in Mathematics]},
	Title = {Compact complex surfaces},
	Url = {http://dx.doi.org.proxy.libraries.rutgers.edu/10.1007/978-3-642-57739-0},
	Volume = {4},
	Year = {2004},
	Bdsk-Url-1 = {http://www.ams.org.proxy.libraries.rutgers.edu/mathscinet-getitem?mr=2030225}}

@article{BKR01,
	Author = {T. Bridgeland and A. King and M. Reid},
	Date-Added = {2016-03-18 18:52:02 +0000},
	Date-Modified = {2016-03-18 18:52:02 +0000},
	Doi = {10.1090/S0894-0347-01-00368-X},
	Fjournal = {Journal of the American Mathematical Society},
	Issn = {0894-0347},
	Journal = {J. Amer. Math. Soc.},
	Mrclass = {14E15 (14F05 14J30 18E30 19L47)},
	Mrnumber = {1824990 (2002f:14023)},
	Mrreviewer = {Ana Jerem{\'{\i}}as L{{\'o}}pez},
	Number = {3},
	Pages = {535--554 (electronic)},
	Title = {The {M}c{K}ay correspondence as an equivalence of derived categories},
	Url = {http://dx.doi.org.proxy.libraries.rutgers.edu/10.1090/S0894-0347-01-00368-X},
	Volume = {14},
	Year = {2001},
	Bdsk-Url-1 = {http://www.ams.org.proxy.libraries.rutgers.edu/mathscinet-getitem?mr=1824990}}

@article{BM01,
	Author = {T. Bridgeland and A. Maciocia},
	Date-Added = {2016-03-18 18:52:02 +0000},
	Date-Modified = {2016-03-18 18:52:02 +0000},
	Journal = {Math. Z.},
	Number = {4},
	Pages = {677--697},
	Title = {Complex surfaces with equivalent derived categories},
	Volume = {236},
	Year = {2001}}

@article{BM02,
	Author = {T. Bridgeland and A. Maciocia},
	Date-Added = {2016-03-18 18:52:02 +0000},
	Date-Modified = {2016-03-18 18:52:02 +0000},
	Journal = {J. Algebraic Geom.},
	Number = {4},
	Pages = {629--657},
	Title = {Fourier-{M}ukai transforms for {$K3$} and elliptic fibrations},
	Volume = {11},
	Year = {2002},
	Bdsk-Url-1 = {http://www.ams.org.proxy.libraries.rutgers.edu/mathscinet-getitem?mr=1910263}}

@article{BM11,
	Author = {A. Bayer and E. Macr{\`{\i}}},
	Date-Added = {2016-03-18 18:52:02 +0000},
	Date-Modified = {2016-03-18 18:52:02 +0000},
	Journal = {Duke Math. J.},
	Number = {2},
	Pages = {263--322},
	Title = {The space of stability conditions on the local projective plane},
	Volume = {160},
	Year = {2011},
	Bdsk-Url-1 = {http://www.ams.org.proxy.libraries.rutgers.edu/mathscinet-getitem?mr=2852118}}

@article{BM14a,
	Author = {A. Bayer and E. Macr\`{i}},
	Date-Added = {2016-03-18 18:52:02 +0000},
	Date-Modified = {2016-03-18 18:52:02 +0000},
	Journal = {J. Amer. Math. Soc.},
	Number = {3},
	Pages = {707-752},
	Title = {Projectivity and birational geometry of {B}ridgeland moduli spaces},
	Volume = {27},
	Year = {2014}}

@article{BM14b,
	Author = {A. Bayer and E. Macr\`{i}},
	Date-Added = {2016-03-18 18:52:02 +0000},
	Date-Modified = {2016-03-18 18:52:02 +0000},
	Journal = {Invent. Math.},
	Number = {3},
	Pages = {505-590},
	Title = {{MMP} for moduli spaces of sheaves on {K3}s via wall-crossing: nef and movable cones, Lagrangian fibrations},
	Volume = {198},
	Year = {2014}}

@article{BM15,
	Author = {A. Bertram and C. Martinez},
	Date-Added = {2016-03-18 18:52:02 +0000},
	Date-Modified = {2016-03-18 18:52:02 +0000},
	Journal = {arXiv:math/1505.07091},
	Title = {Change of polarization for moduli of sheaves on surfaces as {B}ridgeland wall-crossing},
	Year = {2015},
	Bdsk-Url-1 = {http://arxiv.org/abs/1505.07091}}

@article{BM98,
	Author = {T. Bridgeland and A. Maciocia},
	Date-Added = {2016-03-18 18:52:02 +0000},
	Date-Modified = {2016-03-18 18:52:02 +0000},
	Journal = {arXiv:math/9811101},
	Title = {Fourier-{M}ukai transforms for quotient varieties},
	Year = {1998}}

@article{BMS14,
	Author = {A. Bayer and E. Macr{\`\i} and P. Stellari},
	Date-Added = {2016-03-18 18:52:02 +0000},
	Date-Modified = {2016-03-18 18:52:02 +0000},
	Eprint = {1410.1585},
	Journal = {arXiv:math/1410.1585},
	Title = {The Space of Stability Conditions on Abelian Threefolds, and on some {C}alabi-{Y}au Threefolds},
	Url = {http://arxiv.org/abs/1410.1585},
	Year = {2014},
	Bdsk-Url-1 = {http://arxiv.org/abs/1410.1585}}

@article{BMT14a,
	Author = {A. Bayer and E. Macr\`{i} and Y. Toda},
	Date-Added = {2016-03-18 18:52:02 +0000},
	Date-Modified = {2016-03-18 18:52:02 +0000},
	Journal = {J. Algebraic Geom.},
	Number = {1},
	Pages = {117-163},
	Title = {Bridgeland stability conditions on threefolds {I}: Bogomolov-{G}ieseker type inequalities},
	Volume = {23},
	Year = {2014}}

@article{BMW14,
	Author = {A. Bertram and C. Martinez and J. Wang},
	Date-Added = {2016-03-18 18:52:02 +0000},
	Date-Modified = {2016-03-18 18:52:02 +0000},
	Journal = {Geom. Dedicata},
	Pages = {37--64},
	Title = {The birational geometry of moduli spaces of sheaves on the projective plane},
	Volume = {173},
	Year = {2014}}

@article{BO01,
	Author = {A. Bondal and D. Orlov},
	Date-Added = {2016-03-18 18:52:02 +0000},
	Date-Modified = {2016-03-18 18:52:02 +0000},
	Journal = {Compositio Math.},
	Number = {3},
	Pages = {327--344},
	Title = {Reconstruction of a variety from the derived category and groups of autoequivalences},
	Volume = {125},
	Year = {2001}}

@article{BO95,
	Author = {A. Bondal and D. Orlov},
	Date-Added = {2016-03-18 18:52:02 +0000},
	Date-Modified = {2016-03-18 18:52:02 +0000},
	Journal = {arXiv:math/9506012},
	Title = {Semiorthogonal decomposition for algebraic varieties},
	Year = {1995}}

@article{BPS,
	Author = {C. B{\u{a}}nic{\u{a}} and M. Putinar and G. Schumacher},
	Coden = {MAANA3},
	Date-Added = {2016-03-18 18:52:02 +0000},
	Date-Modified = {2016-03-18 18:52:02 +0000},
	Doi = {10.1007/BF01364455},
	Fjournal = {Mathematische Annalen},
	Issn = {0025-5831},
	Journal = {Math. Ann.},
	Mrclass = {32C35 (14F05 32G05)},
	Mrnumber = {582514 (82e:32015)},
	Mrreviewer = {K. Wolffhardt},
	Number = {2},
	Pages = {135--155},
	Title = {Variation der globalen {E}xt in {D}eformationen kompakter komplexer {R}{\"a}ume},
	Url = {http://dx.doi.org.proxy.libraries.rutgers.edu/10.1007/BF01364455},
	Volume = {250},
	Year = {1980},
	Bdsk-Url-1 = {http://www.ams.org.proxy.libraries.rutgers.edu/mathscinet-getitem?mr=582514}}

@article{Bri02,
	Author = {T. Bridgeland},
	Date-Added = {2016-03-18 18:52:02 +0000},
	Date-Modified = {2016-03-18 18:52:02 +0000},
	Journal = {Invent. Math.},
	Number = {3},
	Pages = {613-632},
	Title = {Flops and derived categories},
	Volume = {147},
	Year = {2002}}

@article{Bri07,
	Author = {T. Bridgeland},
	Date-Added = {2016-03-18 18:52:02 +0000},
	Date-Modified = {2016-03-18 18:52:02 +0000},
	Journal = {Ann. of Math.},
	Number = {2},
	Pages = {317-345},
	Title = {Stability conditions on triangulated categories},
	Volume = {166},
	Year = {2007}}

@article{Bri08,
	Author = {T. Bridgeland},
	Date-Added = {2016-03-18 18:52:02 +0000},
	Date-Modified = {2016-03-18 18:52:02 +0000},
	Journal = {Duke Math. J.},
	Number = {2},
	Pages = {241-291},
	Title = {Stability conditions on {K3} surfaces},
	Volume = {141},
	Year = {2008}}

@inproceedings{Bri09a,
	Address = {Providence, RI},
	Author = {T. Bridgeland},
	Booktitle = {Algebraic geometry-Seattle 2005},
	Date-Added = {2016-03-18 18:52:02 +0000},
	Date-Modified = {2016-03-18 18:52:02 +0000},
	Number = {1},
	Pages = {1-21},
	Publisher = {Amer. Math. Soc.},
	Series = {Proc. Sympos. Pure Math.},
	Title = {Spaces of stability conditions},
	Volume = {80},
	Year = {2009}}

@article{Bri09b,
	Author = {T. Bridgeland},
	Date-Added = {2016-03-18 18:52:02 +0000},
	Date-Modified = {2016-03-18 18:52:02 +0000},
	Doi = {10.1093/imrn/rnp081},
	Fjournal = {International Mathematics Research Notices. IMRN},
	Issn = {1073-7928},
	Journal = {Int. Math. Res. Not. IMRN},
	Mrclass = {14F05 (14B05 14E16 18E30)},
	Mrnumber = {2549952 (2011b:14038)},
	Mrreviewer = {Bal{{\'a}}zs Szendr{\H{o}}i},
	Number = {21},
	Pages = {4142--4157},
	Title = {Stability conditions and {K}leinian singularities},
	Url = {http://dx.doi.org.proxy.libraries.rutgers.edu/10.1093/imrn/rnp081},
	Year = {2009},
	Bdsk-Url-1 = {http://www.ams.org.proxy.libraries.rutgers.edu/mathscinet-getitem?mr=2549952}}

@book{CD89,
	Author = {F. Cossec and I. Dolgachev},
	Date-Added = {2016-03-18 18:52:02 +0000},
	Date-Modified = {2016-03-18 18:52:02 +0000},
	Doi = {10.1007/978-1-4612-3696-2},
	Isbn = {0-8176-3417-7},
	Mrclass = {14J28},
	Mrnumber = {986969 (90h:14052)},
	Mrreviewer = {Ulf Persson},
	Pages = {x+397},
	Publisher = {Birkh{\"a}user Boston, Inc., Boston, MA},
	Series = {Progress in Mathematics},
	Title = {Enriques surfaces. {I}},
	Url = {http://dx.doi.org.proxy.libraries.rutgers.edu/10.1007/978-1-4612-3696-2},
	Volume = {76},
	Year = {1989},
	Bdsk-Url-1 = {http://www.ams.org.proxy.libraries.rutgers.edu/mathscinet-getitem?mr=986969}}

@article{CG72,
	Author = {H. Clemens and P. Griffiths},
	Date-Added = {2016-03-18 18:52:02 +0000},
	Date-Modified = {2016-03-18 18:52:02 +0000},
	Fjournal = {Annals of Mathematics. Second Series},
	Issn = {0003-486X},
	Journal = {Ann. of Math. (2)},
	Mrclass = {14J10 (14G13 14J05 14K20 14M20 14N99)},
	Mrnumber = {0302652 (46 \#1796)},
	Mrreviewer = {H. Popp},
	Pages = {281--356},
	Title = {The intermediate {J}acobian of the cubic threefold},
	Volume = {95},
	Year = {1972},
	Bdsk-Url-1 = {http://www.ams.org.proxy.libraries.rutgers.edu/mathscinet-getitem?mr=0302652}}

@article{CHW14,
	Author = {I. Coskun and J. Huizenga and M. Woolf},
	Date-Added = {2016-03-18 18:52:02 +0000},
	Date-Modified = {2016-03-18 18:52:02 +0000},
	Eprint = {1401.1613},
	Journal = {arXiv:math/1401.1613},
	Title = {The effective cone of the moduli space of sheaves on the plane},
	Url = {http://lanl.arxiv.org/abs/1401.1613},
	Year = {2014},
	Bdsk-Url-1 = {http://lanl.arxiv.org/abs/1401.1613}}

@article{CK14,
	Author = {C. Ciliberto and A. Knutsen},
	Date-Added = {2016-03-18 18:52:02 +0000},
	Date-Modified = {2016-03-18 18:52:02 +0000},
	Doi = {10.1016/j.matpur.2013.06.010},
	Fjournal = {Journal de Math{\'e}matiques Pures et Appliqu{\'e}es. Neuvi{\`e}me S{\'e}rie},
	Issn = {0021-7824},
	Journal = {J. Math. Pures Appl. (9)},
	Mrclass = {14H51 (14C20 14J28)},
	Mrnumber = {3179751},
	Mrreviewer = {Andrea Bruno},
	Number = {4},
	Pages = {473--494},
	Title = {On {$k$}-gonal loci in {S}everi varieties on general {K3} surfaces and rational curves on hyperk{\"a}hler manifolds},
	Url = {http://dx.doi.org.proxy.libraries.rutgers.edu/10.1016/j.matpur.2013.06.010},
	Volume = {101},
	Year = {2014},
	Bdsk-Url-1 = {http://www.ams.org.proxy.libraries.rutgers.edu/mathscinet-getitem?mr=3179751}}

@article{CP10,
	Author = {J. Collins and A. Polishchuk},
	Date-Added = {2016-03-18 18:52:02 +0000},
	Date-Modified = {2016-03-18 18:52:02 +0000},
	Fjournal = {Advances in Theoretical and Mathematical Physics},
	Issn = {1095-0761},
	Journal = {Adv. Theor. Math. Phys.},
	Mrclass = {14F05},
	Mrnumber = {2721656 (2011k:14012)},
	Mrreviewer = {Daniele Faenzi},
	Number = {2},
	Pages = {563--607},
	Title = {Gluing stability conditions},
	Url = {http://projecteuclid.org.proxy.libraries.rutgers.edu/euclid.atmp/1288619153},
	Volume = {14},
	Year = {2010},
	Bdsk-Url-1 = {http://www.ams.org.proxy.libraries.rutgers.edu/mathscinet-getitem?mr=2721656}}

@book{Deb,
	Author = {O. Debarre},
	Date-Added = {2016-03-18 18:52:02 +0000},
	Date-Modified = {2016-03-18 18:52:02 +0000},
	Doi = {10.1007/978-1-4757-5406-3},
	Isbn = {0-387-95227-6},
	Mrclass = {14-02 (14E30 14Jxx)},
	Mrnumber = {1841091 (2002g:14001)},
	Mrreviewer = {Mark Gross},
	Pages = {xiv+233},
	Publisher = {Springer-Verlag, New York},
	Series = {Universitext},
	Title = {Higher-dimensional algebraic geometry},
	Url = {http://dx.doi.org.proxy.libraries.rutgers.edu/10.1007/978-1-4757-5406-3},
	Year = {2001},
	Bdsk-Url-1 = {http://www.ams.org.proxy.libraries.rutgers.edu/mathscinet-getitem?mr=1841091}}

@article{DH98,
	Author = {I. Dolgachev and Y. Hu},
	Date-Added = {2016-03-18 18:52:02 +0000},
	Date-Modified = {2016-03-18 18:52:02 +0000},
	Fjournal = {Institut des Hautes {\'E}tudes Scientifiques. Publications Math{\'e}matiques},
	Issn = {0073-8301},
	Journal = {Inst. Hautes {\'E}tudes Sci. Publ. Math.},
	Mrclass = {14L24},
	Mrnumber = {1659282},
	Mrreviewer = {P. E. Newstead},
	Note = {With an appendix by Nicolas Ressayre},
	Number = {87},
	Pages = {5--56},
	Title = {Variation of geometric invariant theory quotients},
	Url = {http://www.numdam.org/item?id=PMIHES_1998__87__5_0},
	Year = {1998},
	Bdsk-Url-1 = {http://www.ams.org.proxy.libraries.rutgers.edu/mathscinet-getitem?mr=1659282}}

@inproceedings{Dou02,
	Author = {M. Douglas},
	Booktitle = {Proceedings of the {I}nternational {C}ongress of {M}athematicians, {V}ol. {III} ({B}eijing, 2002)},
	Date-Added = {2016-03-18 18:52:02 +0000},
	Date-Modified = {2016-03-18 18:52:02 +0000},
	Pages = {395--408},
	Publisher = {Higher Ed. Press, Beijing},
	Title = {Dirichlet branes, homological mirror symmetry, and stability},
	Year = {2002}}

@article{F1,
	Author = {J. Fogarty},
	Date-Added = {2016-03-18 18:52:02 +0000},
	Date-Modified = {2016-03-18 18:52:02 +0000},
	Fjournal = {American Journal of Mathematics},
	Issn = {0002-9327},
	Journal = {Amer. J. Math},
	Mrclass = {14.20},
	Mrnumber = {0237496 (38 \#5778)},
	Mrreviewer = {S. Lubkin},
	Pages = {511--521},
	Title = {Algebraic families on an algebraic surface},
	Volume = {90},
	Year = {1968},
	Bdsk-Url-1 = {http://www.ams.org.proxy.libraries.rutgers.edu/mathscinet-getitem?mr=0237496}}

@article{F2,
	Author = {J. Fogarty},
	Date-Added = {2016-03-18 18:52:02 +0000},
	Date-Modified = {2016-03-18 18:52:02 +0000},
	Fjournal = {American Journal of Mathematics},
	Issn = {0002-9327},
	Journal = {Amer. J. Math.},
	Mrclass = {14C05},
	Mrnumber = {0335512 (49 \#293)},
	Mrreviewer = {Anthony Iarrobino},
	Pages = {660--687},
	Title = {Algebraic families on an algebraic surface. {II}. {T}he {P}icard scheme of the punctual {H}ilbert scheme},
	Volume = {95},
	Year = {1973},
	Bdsk-Url-1 = {http://www.ams.org.proxy.libraries.rutgers.edu/mathscinet-getitem?mr=0335512}}

@article{Fri89,
	Author = {R. Friedman},
	Coden = {INVMBH},
	Date-Added = {2016-03-18 18:52:02 +0000},
	Date-Modified = {2016-03-18 18:52:02 +0000},
	Doi = {10.1007/BF01393965},
	Fjournal = {Inventiones Mathematicae},
	Issn = {0020-9910},
	Journal = {Invent. Math.},
	Mrclass = {14F05 (14F45 14J27 57R55)},
	Mrnumber = {989699},
	Mrreviewer = {I. Dolgachev},
	Number = {2},
	Pages = {283--332},
	Title = {Rank two vector bundles over regular elliptic surfaces},
	Url = {http://dx.doi.org.proxy.libraries.rutgers.edu/10.1007/BF01393965},
	Volume = {96},
	Year = {1989},
	Bdsk-Url-1 = {http://www.ams.org.proxy.libraries.rutgers.edu/mathscinet-getitem?mr=989699}}

@book{Fri98,
	Author = {R. Friedman},
	Date-Added = {2016-03-18 18:52:02 +0000},
	Date-Modified = {2016-03-18 18:52:02 +0000},
	Doi = {10.1007/978-1-4612-1688-9},
	Isbn = {0-387-98361-9},
	Mrclass = {14J60 (14-01 14J15 32J15 57R55)},
	Mrnumber = {1600388},
	Mrreviewer = {I. Dolgachev},
	Pages = {x+328},
	Publisher = {Springer-Verlag, New York},
	Series = {Universitext},
	Title = {Algebraic surfaces and holomorphic vector bundles},
	Url = {http://dx.doi.org.proxy.libraries.rutgers.edu/10.1007/978-1-4612-1688-9},
	Year = {1998},
	Bdsk-Url-1 = {http://www.ams.org.proxy.libraries.rutgers.edu/mathscinet-getitem?mr=1600388}}

@book{GH94,
	Author = {P. Griffiths and J. Harris},
	Date-Added = {2016-03-18 18:52:02 +0000},
	Date-Modified = {2016-03-18 18:52:02 +0000},
	Doi = {10.1002/9781118032527},
	Isbn = {0-471-05059-8},
	Mrclass = {14-01},
	Mrnumber = {1288523},
	Note = {Reprint of the 1978 original},
	Pages = {xiv+813},
	Publisher = {John Wiley \& Sons, Inc., New York},
	Series = {Wiley Classics Library},
	Title = {Principles of algebraic geometry},
	Url = {http://dx.doi.org.proxy.libraries.rutgers.edu/10.1002/9781118032527},
	Year = {1994},
	Bdsk-Url-1 = {http://www.ams.org.proxy.libraries.rutgers.edu/mathscinet-getitem?mr=1288523}}

@article{Gie77,
	Author = {D. Gieseker},
	Coden = {ANMAAH},
	Date-Added = {2016-03-18 18:52:02 +0000},
	Date-Modified = {2016-03-18 18:52:02 +0000},
	Doi = {10.2307/1971157},
	Fjournal = {Annals of Mathematics. Second Series},
	Issn = {0003-486X},
	Journal = {Ann. of Math. (2)},
	Mrclass = {14F05 (14D20)},
	Mrnumber = {466475 (81h:14014)},
	Number = {1},
	Pages = {45--60},
	Title = {On the moduli of vector bundles on an algebraic surface},
	Url = {http://dx.doi.org.proxy.libraries.rutgers.edu/10.2307/1971157},
	Volume = {106},
	Year = {1977},
	Bdsk-Url-1 = {http://www.ams.org.proxy.libraries.rutgers.edu/mathscinet-getitem?mr=466475}}

@article{Has00,
	Author = {B. Hassett},
	Date-Added = {2016-03-18 18:52:02 +0000},
	Date-Modified = {2016-03-18 18:52:02 +0000},
	Journal = {Compositio Math.},
	Number = {1},
	Pages = {1-23},
	Title = {Special cubic fourfolds},
	Volume = {120},
	Year = {2000}}

@article{Has99,
	Author = {B. Hassett},
	Date-Added = {2016-03-18 18:52:02 +0000},
	Date-Modified = {2016-03-18 18:52:02 +0000},
	Journal = {J. Algebraic Geom.},
	Number = {1},
	Pages = {103-114},
	Title = {Some rational cubic fourfolds},
	Volume = {8},
	Year = {1999}}

@article{Hau10,
	Author = {M. Hauzer},
	Coden = {APNMA4},
	Date-Added = {2016-03-18 18:52:02 +0000},
	Date-Modified = {2016-03-18 18:52:02 +0000},
	Doi = {10.4064/ap99-3-7},
	Fjournal = {Annales Polonici Mathematici},
	Issn = {0066-2216},
	Journal = {Ann. Polon. Math.},
	Mrclass = {14D20 (14F05 14J28)},
	Mrnumber = {2720224 (2011g:14031)},
	Mrreviewer = {Jean-Marc Drezet},
	Number = {3},
	Pages = {305--321},
	Title = {On moduli spaces of semistable sheaves on {E}nriques surfaces},
	Url = {http://dx.doi.org.proxy.libraries.rutgers.edu/10.4064/ap99-3-7},
	Volume = {99},
	Year = {2010},
	Bdsk-Url-1 = {http://www.ams.org.proxy.libraries.rutgers.edu/mathscinet-getitem?mr=2720224}}

@book{HL10,
	Author = {D. Huybrechts and M. Lehn},
	Date-Added = {2016-03-18 18:52:02 +0000},
	Date-Modified = {2016-03-18 18:52:02 +0000},
	Doi = {10.1017/CBO9780511711985},
	Edition = {Second},
	Isbn = {978-0-521-13420-0},
	Mrclass = {14D20 (14F05)},
	Mrnumber = {2665168 (2011e:14017)},
	Pages = {xviii+325},
	Publisher = {Cambridge University Press, Cambridge},
	Series = {Cambridge Mathematical Library},
	Title = {The geometry of moduli spaces of sheaves},
	Url = {http://dx.doi.org.proxy.libraries.rutgers.edu/10.1017/CBO9780511711985},
	Year = {2010},
	Bdsk-Url-1 = {http://www.ams.org.proxy.libraries.rutgers.edu/mathscinet-getitem?mr=2665168}}

@article{HP14,
	Author = {G. Hein and D. Ploog},
	Date-Added = {2016-03-18 18:52:02 +0000},
	Date-Modified = {2016-03-18 18:52:02 +0000},
	Doi = {10.4310/AJM.2014.v18.n2.a4},
	Fjournal = {Asian Journal of Mathematics},
	Issn = {1093-6106},
	Journal = {Asian J. Math.},
	Mrclass = {14F05 (14D20)},
	Mrnumber = {3217636},
	Mrreviewer = {Ada Boralevi},
	Number = {2},
	Pages = {247--261},
	Title = {Postnikov-stability versus semistability of sheaves},
	Url = {http://dx.doi.org.proxy.libraries.rutgers.edu/10.4310/AJM.2014.v18.n2.a4},
	Volume = {18},
	Year = {2014},
	Bdsk-Url-1 = {http://www.ams.org.proxy.libraries.rutgers.edu/mathscinet-getitem?mr=3217636}}

@book{Hu1,
	Author = {D. Huybrechts},
	Date-Added = {2016-03-18 18:52:02 +0000},
	Date-Modified = {2016-03-18 18:52:02 +0000},
	Doi = {10.1093/acprof:oso/9780199296866.001.0001},
	Isbn = {978-0-19-929686-6; 0-19-929686-3},
	Mrclass = {14F05 (14-02 18E30)},
	Mrnumber = {2244106 (2007f:14013)},
	Mrreviewer = {Bal{{\'a}}zs Szendr{\H{o}}i},
	Pages = {viii+307},
	Publisher = {The Clarendon Press, Oxford University Press, Oxford},
	Series = {Oxford Mathematical Monographs},
	Title = {Fourier-{M}ukai transforms in algebraic geometry},
	Url = {http://dx.doi.org.proxy.libraries.rutgers.edu/10.1093/acprof:oso/9780199296866.001.0001},
	Year = {2006},
	Bdsk-Url-1 = {http://www.ams.org.proxy.libraries.rutgers.edu/mathscinet-getitem?mr=2244106}}

@article{Huy12,
	Author = {D. Huybrechts},
	Date-Added = {2016-03-18 18:52:02 +0000},
	Date-Modified = {2016-03-18 18:52:02 +0000},
	Journal = {Math. Z.},
	Number = {3-4},
	Pages = {1253--1270},
	Title = {Stability conditions via spherical objects},
	Volume = {271},
	Year = {2012}}

@article{Ina02,
	Author = {M. Inaba},
	Date-Added = {2016-03-18 18:52:02 +0000},
	Date-Modified = {2016-03-18 18:52:02 +0000},
	Fjournal = {Journal of Mathematics of Kyoto University},
	Issn = {0023-608X},
	Journal = {J. Math. Kyoto Univ.},
	Mrclass = {14D20 (14F05)},
	Mrnumber = {1966840 (2004e:14022)},
	Mrreviewer = {Nicolas Perrin},
	Number = {2},
	Pages = {317--329},
	Title = {Toward a definition of moduli of complexes of coherent sheaves on a projective scheme},
	Volume = {42},
	Year = {2002},
	Bdsk-Url-1 = {http://www.ams.org.proxy.libraries.rutgers.edu/mathscinet-getitem?mr=1966840}}

@article{Ina10,
	Author = {M. Inaba},
	Coden = {NISUBC},
	Date-Added = {2016-03-18 18:52:02 +0000},
	Date-Modified = {2016-03-18 18:52:02 +0000},
	Fjournal = {Journal of the Mathematical Society of Japan},
	Issn = {0025-5645},
	Journal = {J. Math. Soc. Japan},
	Mrclass = {18E30 (14D20 14F05)},
	Mrnumber = {2662850 (2011i:18023)},
	Mrreviewer = {Richard P. Thomas},
	Number = {2},
	Pages = {395--429},
	Title = {Moduli of stable objects in a triangulated category},
	Url = {http://projecteuclid.org.proxy.libraries.rutgers.edu/euclid.jmsj/1273236710},
	Volume = {62},
	Year = {2010},
	Bdsk-Url-1 = {http://www.ams.org.proxy.libraries.rutgers.edu/mathscinet-getitem?mr=2662850}}

@article{Ina11,
	Author = {M. Inaba},
	Coden = {ADMTA4},
	Date-Added = {2016-03-18 18:52:02 +0000},
	Date-Modified = {2016-03-18 18:52:02 +0000},
	Doi = {10.1016/j.aim.2011.03.001},
	Fjournal = {Advances in Mathematics},
	Issn = {0001-8708},
	Journal = {Adv. Math.},
	Mrclass = {14F05 (14D20 14J28 18E30)},
	Mrnumber = {2799799 (2012d:14024)},
	Mrreviewer = {Pawel Sosna},
	Number = {4},
	Pages = {1399--1412},
	Title = {Smoothness of the moduli space of complexes of coherent sheaves on an abelian or a projective {$K3$} surface},
	Url = {http://dx.doi.org.proxy.libraries.rutgers.edu/10.1016/j.aim.2011.03.001},
	Volume = {227},
	Year = {2011},
	Bdsk-Url-1 = {http://www.ams.org.proxy.libraries.rutgers.edu/mathscinet-getitem?mr=2799799}}

@article{Ina13,
	Author = {M. Inaba},
	Date-Added = {2016-03-18 18:52:02 +0000},
	Date-Modified = {2016-03-18 18:52:02 +0000},
	Fjournal = {Mathematical Society of Japan. S\=ugaku (Mathematics)},
	Issn = {0039-470X},
	Journal = {S\=ugaku},
	Mrclass = {18E30 (14F05)},
	Mrnumber = {3088059},
	Mrreviewer = {Jun-ichi Miyachi},
	Number = {2},
	Pages = {160--173},
	Title = {Stability and moduli on a triangulated category},
	Volume = {65},
	Year = {2013},
	Bdsk-Url-1 = {http://www.ams.org.proxy.libraries.rutgers.edu/mathscinet-getitem?mr=3088059}}

@article{Kim,
	Author = {H. Kim},
	Date-Added = {2016-03-18 18:52:02 +0000},
	Date-Modified = {2016-03-18 18:52:02 +0000},
	Journal = {Nagoya Math. J.},
	Pages = {85-94},
	Title = {Moduli spaces of stable vector bundles on {E}nriques surfaces},
	Volume = {150},
	Year = {1998}}

@article{Kim06,
	Author = {H. Kim},
	Coden = {JKMSDG},
	Date-Added = {2016-03-18 18:52:02 +0000},
	Date-Modified = {2016-03-18 18:52:02 +0000},
	Doi = {10.4134/JKMS.2006.43.4.765},
	Fjournal = {Journal of the Korean Mathematical Society},
	Issn = {0304-9914},
	Journal = {J. Korean Math. Soc.},
	Mrclass = {14J60 (14J28)},
	Mrnumber = {2234932 (2007m:14062)},
	Number = {4},
	Pages = {765--782},
	Title = {Stable vector bundles of rank two on {E}nriques surfaces},
	Url = {http://dx.doi.org.proxy.libraries.rutgers.edu/10.4134/JKMS.2006.43.4.765},
	Volume = {43},
	Year = {2006},
	Bdsk-Url-1 = {http://www.ams.org.proxy.libraries.rutgers.edu/mathscinet-getitem?mr=2234932}}

@article{Kim94,
	Author = {H. Kim},
	Coden = {MSMHB2},
	Date-Added = {2016-03-18 18:52:02 +0000},
	Date-Modified = {2016-03-18 18:52:02 +0000},
	Doi = {10.1007/BF02567681},
	Fjournal = {Manuscripta Mathematica},
	Issn = {0025-2611},
	Journal = {Manuscripta Math.},
	Mrclass = {14J60 (14J28)},
	Mrnumber = {1254135 (95a:14044)},
	Mrreviewer = {I. Dolgachev},
	Number = {1},
	Pages = {1--13},
	Title = {Exceptional bundles on nodal {E}nriques surfaces},
	Url = {http://dx.doi.org.proxy.libraries.rutgers.edu/10.1007/BF02567681},
	Volume = {82},
	Year = {1994},
	Bdsk-Url-1 = {http://www.ams.org.proxy.libraries.rutgers.edu/mathscinet-getitem?mr=1254135}}

@article{Kim98,
	Author = {H. Kim},
	Date-Added = {2016-03-18 18:52:02 +0000},
	Date-Modified = {2016-03-18 18:52:02 +0000},
	Fjournal = {Bulletin of the Korean Mathematical Society},
	Issn = {1015-8634},
	Journal = {Bull. Korean Math. Soc.},
	Mrclass = {14J60 (14J28)},
	Mrnumber = {1608970 (99a:14064)},
	Mrreviewer = {Kieran G. O'Grady},
	Number = {1},
	Pages = {119--125},
	Title = {Moduli spaces of bundles mod {P}icard groups on some elliptic surfaces},
	Volume = {35},
	Year = {1998},
	Bdsk-Url-1 = {http://www.ams.org.proxy.libraries.rutgers.edu/mathscinet-getitem?mr=1608970}}

@article{Kim98a,
	Author = {H. Kim},
	Date-Added = {2016-03-18 18:52:02 +0000},
	Date-Modified = {2016-03-18 18:52:02 +0000},
	Fjournal = {Bulletin of the Korean Mathematical Society},
	Issn = {1015-8634},
	Journal = {Bull. Korean Math. Soc.},
	Mrclass = {14J60 (14J28)},
	Mrnumber = {1609121 (98k:14058)},
	Number = {1},
	Pages = {149--156},
	Title = {Exceptional bundles of higher rank and rational curves},
	Volume = {35},
	Year = {1998},
	Bdsk-Url-1 = {http://www.ams.org.proxy.libraries.rutgers.edu/mathscinet-getitem?mr=1609121}}

@article{KL09,
	Author = {A. Knutsen and A. Lopez},
	Coden = {MAZEAX},
	Date-Added = {2016-03-18 18:52:02 +0000},
	Date-Modified = {2016-03-18 18:52:02 +0000},
	Doi = {10.1007/s00209-008-0349-y},
	Fjournal = {Mathematische Zeitschrift},
	Issn = {0025-5874},
	Journal = {Math. Z.},
	Mrclass = {14H51 (14C20 14J28)},
	Mrnumber = {2471094 (2009j:14039)},
	Mrreviewer = {Arnaud Beauville},
	Number = {3},
	Pages = {659--690},
	Title = {Brill-{N}oether theory of curves on {E}nriques surfaces. {I}. {T}he positive cone and gonality},
	Url = {http://dx.doi.org.proxy.libraries.rutgers.edu/10.1007/s00209-008-0349-y},
	Volume = {261},
	Year = {2009},
	Bdsk-Url-1 = {http://www.ams.org.proxy.libraries.rutgers.edu/mathscinet-getitem?mr=2471094}}

@article{KL15a,
	Author = {A. Knutsen and A. Lopez},
	Date-Added = {2016-03-18 18:52:02 +0000},
	Date-Modified = {2016-03-18 18:52:02 +0000},
	Doi = {10.1007/s00229-014-0720-8},
	Fjournal = {Manuscripta Mathematica},
	Issn = {0025-2611},
	Journal = {Manuscripta Math.},
	Mrclass = {14J28 (14C20 14H45 14H51)},
	Mrnumber = {3336944},
	Number = {1-2},
	Pages = {193--237},
	Title = {Brill-{N}oether theory of curves on {E}nriques surfaces {II}: the {C}lifford index},
	Url = {http://dx.doi.org.proxy.libraries.rutgers.edu/10.1007/s00229-014-0720-8},
	Volume = {147},
	Year = {2015},
	Bdsk-Url-1 = {http://www.ams.org.proxy.libraries.rutgers.edu/mathscinet-getitem?mr=3336944}}

@article{KL15b,
	Author = {A. Knutsen and A. Lopez},
	Date-Added = {2016-03-18 18:52:02 +0000},
	Date-Modified = {2016-03-18 18:52:02 +0000},
	Doi = {10.1515/advgeom-2015-0016},
	Fjournal = {Advances in Geometry},
	Issn = {1615-715X},
	Journal = {Adv. Geom.},
	Mrclass = {14J28},
	Mrnumber = {3365750},
	Number = {3},
	Pages = {339--348},
	Title = {Projective normality and the generation of the ideal of an {E}nriques surface},
	Url = {http://dx.doi.org.proxy.libraries.rutgers.edu/10.1515/advgeom-2015-0016},
	Volume = {15},
	Year = {2015},
	Bdsk-Url-1 = {http://www.ams.org.proxy.libraries.rutgers.edu/mathscinet-getitem?mr=3365750}}

@article{KLS06,
	Author = {D. Kaledin and M. Lehn and Ch. Sorger},
	Coden = {INVMBH},
	Date-Added = {2016-03-18 18:52:02 +0000},
	Date-Modified = {2016-03-18 18:52:02 +0000},
	Doi = {10.1007/s00222-005-0484-6},
	Fjournal = {Inventiones Mathematicae},
	Issn = {0020-9910},
	Journal = {Invent. Math.},
	Mrclass = {14D20 (14J28 14J60)},
	Mrnumber = {2221132 (2007e:14015)},
	Mrreviewer = {Carlo Giovanni Madonna},
	Number = {3},
	Pages = {591--614},
	Title = {Singular symplectic moduli spaces},
	Url = {http://dx.doi.org.proxy.libraries.rutgers.edu/10.1007/s00222-005-0484-6},
	Volume = {164},
	Year = {2006},
	Bdsk-Url-1 = {http://www.ams.org.proxy.libraries.rutgers.edu/mathscinet-getitem?mr=2221132}}

@article{KM09,
	Author = {A. Kuznetsov and D. Markushevich},
	Date-Added = {2016-03-18 18:52:02 +0000},
	Date-Modified = {2016-03-18 18:52:02 +0000},
	Journal = {J. Geom. Phys.},
	Number = {7},
	Pages = {843-860},
	Title = {Symplectic structures on moduli spaces of sheaves via the Atiyah class},
	Volume = {59},
	Year = {2009}}

@book{KM98,
	Author = {J. Koll{{\'a}}r and S. Mori},
	Date-Added = {2016-03-18 18:52:02 +0000},
	Date-Modified = {2016-03-18 18:52:02 +0000},
	Doi = {10.1017/CBO9780511662560},
	Isbn = {0-521-63277-3},
	Mrclass = {14E30},
	Mrnumber = {1658959 (2000b:14018)},
	Mrreviewer = {Mark Gross},
	Note = {With the collaboration of C. H. Clemens and A. Corti, Translated from the 1998 Japanese original},
	Pages = {viii+254},
	Publisher = {Cambridge University Press, Cambridge},
	Series = {Cambridge Tracts in Mathematics},
	Title = {Birational geometry of algebraic varieties},
	Url = {http://dx.doi.org.proxy.libraries.rutgers.edu/10.1017/CBO9780511662560},
	Volume = {134},
	Year = {1998},
	Bdsk-Url-1 = {http://www.ams.org.proxy.libraries.rutgers.edu/mathscinet-getitem?mr=1658959}}

@article{Knu01,
	Author = {A. Knutsen},
	Coden = {MSMHB2},
	Date-Added = {2016-03-18 18:52:02 +0000},
	Date-Modified = {2016-03-18 18:52:02 +0000},
	Doi = {10.1007/s002290170040},
	Fjournal = {Manuscripta Mathematica},
	Issn = {0025-2611},
	Journal = {Manuscripta Math.},
	Mrclass = {14C20 (14J28)},
	Mrnumber = {1821184 (2002a:14006)},
	Mrreviewer = {Hiroyuki Terakawa},
	Number = {2},
	Pages = {211--237},
	Title = {On {$k$}th-order embeddings of {K3} surfaces and {E}nriques surfaces},
	Url = {http://dx.doi.org.proxy.libraries.rutgers.edu/10.1007/s002290170040},
	Volume = {104},
	Year = {2001},
	Bdsk-Url-1 = {http://www.ams.org.proxy.libraries.rutgers.edu/mathscinet-getitem?mr=1821184}}

@article{Knu09,
	Author = {A. Knutsen},
	Date-Added = {2016-03-18 18:52:02 +0000},
	Date-Modified = {2016-03-18 18:52:02 +0000},
	Fjournal = {Bulletin of the Belgian Mathematical Society. Simon Stevin},
	Issn = {1370-1444},
	Journal = {Bull. Belg. Math. Soc. Simon Stevin},
	Mrclass = {14J28 (14C20 14H51)},
	Mrnumber = {2574369 (2010m:14047)},
	Mrreviewer = {Arnaud Beauville},
	Number = {5, Linear systems and subschemes},
	Pages = {907--931},
	Title = {On secant spaces to {E}nriques surfaces},
	Url = {http://projecteuclid.org.proxy.libraries.rutgers.edu/euclid.bbms/1260369406},
	Volume = {16},
	Year = {2009},
	Bdsk-Url-1 = {http://www.ams.org.proxy.libraries.rutgers.edu/mathscinet-getitem?mr=2574369}}

@inproceedings{Kon95,
	Author = {M. Kontsevich},
	Booktitle = {Proceedings of the {I}nternational {C}ongress of {M}athematicians, {V}ol.\ 1, 2 ({Z}\"urich, 1994)},
	Date-Added = {2016-03-18 18:52:02 +0000},
	Date-Modified = {2016-03-18 18:52:02 +0000},
	Pages = {120--139},
	Publisher = {Birkh\"auser, Basel},
	Title = {Homological algebra of mirror symmetry},
	Year = {1995}}

@book{KSC,
	Author = {J. Koll{{\'a}}r and K. Smith and A. Corti},
	Date-Added = {2016-03-18 18:52:02 +0000},
	Date-Modified = {2016-03-18 18:52:02 +0000},
	Doi = {10.1017/CBO9780511734991},
	Isbn = {0-521-83207-1},
	Mrclass = {14M20 (14E08)},
	Mrnumber = {2062787 (2005i:14063)},
	Mrreviewer = {Alexandr V. Pukhlikov},
	Pages = {vi+235},
	Publisher = {Cambridge University Press, Cambridge},
	Series = {Cambridge Studies in Advanced Mathematics},
	Title = {Rational and nearly rational varieties},
	Url = {http://dx.doi.org.proxy.libraries.rutgers.edu/10.1017/CBO9780511734991},
	Volume = {92},
	Year = {2004},
	Bdsk-Url-1 = {http://www.ams.org.proxy.libraries.rutgers.edu/mathscinet-getitem?mr=2062787}}

@article{Kuz04,
	Author = {A. Kuznetsov},
	Date-Added = {2016-03-18 18:52:02 +0000},
	Date-Modified = {2016-03-18 18:52:02 +0000},
	Fjournal = {Trudy Matematicheskogo Instituta Imeni V. A. Steklova. Rossi\u\i skaya Akademiya Nauk},
	Issn = {0371-9685},
	Journal = {Tr. Mat. Inst. Steklova},
	Mrclass = {14J30 (14J45 14N05)},
	Mrnumber = {2101293 (2005i:14049)},
	Mrreviewer = {Ivan Chel{\cprime}tsov},
	Number = {Algebr. Geom. Metody, Svyazi i Prilozh.},
	Pages = {183--207},
	Title = {Derived category of a cubic threefold and the variety {$V_{14}$}},
	Volume = {246},
	Year = {2004},
	Bdsk-Url-1 = {http://www.ams.org.proxy.libraries.rutgers.edu/mathscinet-getitem?mr=2101293}}

@incollection{Kuz10,
	Author = {A. Kuznetsov},
	Booktitle = {Cohomological and geometric approaches to rationality problems},
	Date-Added = {2016-03-18 18:52:02 +0000},
	Date-Modified = {2016-03-18 18:52:02 +0000},
	Doi = {10.1007/978-0-8176-4934-0_9},
	Mrclass = {14F05 (14E05)},
	Mrnumber = {2605171 (2011c:14049)},
	Mrreviewer = {Paolo Stellari},
	Pages = {219--243},
	Publisher = {Birkh{\"a}user Boston, Inc., Boston, MA},
	Series = {Progr. Math.},
	Title = {Derived categories of cubic fourfolds},
	Url = {http://dx.doi.org.proxy.libraries.rutgers.edu/10.1007/978-0-8176-4934-0_9},
	Volume = {282},
	Year = {2010},
	Bdsk-Url-1 = {http://www.ams.org.proxy.libraries.rutgers.edu/mathscinet-getitem?mr=2605171}}

@article{Lan75,
	Author = {S., Langton},
	Date-Added = {2016-03-18 18:52:02 +0000},
	Date-Modified = {2016-03-18 18:52:02 +0000},
	Fjournal = {Annals of Mathematics. Second Series},
	Issn = {0003-486X},
	Journal = {Ann. of Math. (2)},
	Mrclass = {14F05 (14D20)},
	Mrnumber = {0364255 (51 \#510)},
	Mrreviewer = {P. E. Newstead},
	Pages = {88--110},
	Title = {Valuative criteria for families of vector bundles on algebraic varieties},
	Volume = {101},
	Year = {1975},
	Bdsk-Url-1 = {http://www.ams.org.proxy.libraries.rutgers.edu/mathscinet-getitem?mr=0364255}}

@book{Laz04,
	Author = {R. Lazarsfeld},
	Date-Added = {2016-03-18 18:52:02 +0000},
	Date-Modified = {2016-03-18 18:52:02 +0000},
	Doi = {10.1007/978-3-642-18808-4},
	Isbn = {3-540-22533-1},
	Mrclass = {14-02 (14C20)},
	Mrnumber = {2095471 (2005k:14001a)},
	Mrreviewer = {Mihnea Popa},
	Note = {Classical setting: line bundles and linear series},
	Pages = {xviii+387},
	Publisher = {Springer-Verlag, Berlin},
	Series = {Ergebnisse der Mathematik und ihrer Grenzgebiete. 3. Folge. A Series of Modern Surveys in Mathematics [Results in Mathematics and Related Areas. 3rd Series. A Series of Modern Surveys in Mathematics]},
	Title = {Positivity in algebraic geometry. {I}},
	Url = {http://dx.doi.org.proxy.libraries.rutgers.edu/10.1007/978-3-642-18808-4},
	Volume = {48},
	Year = {2004},
	Bdsk-Url-1 = {http://www.ams.org.proxy.libraries.rutgers.edu/mathscinet-getitem?mr=2095471}}

@article{Laz86,
	Author = {R. Lazarsfeld},
	Date-Added = {2016-03-18 18:52:02 +0000},
	Date-Modified = {2016-03-18 18:52:02 +0000},
	Fjournal = {Journal of Differential Geometry},
	Journal = {J. Differential Geom.},
	Number = {3},
	Pages = {299--307},
	Title = {Brill-{N}oether-{P}etri without degenerations},
	Volume = {23},
	Year = {1986}}

@article{Lie,
	Author = {M. Lieblich},
	Date-Added = {2016-03-18 18:52:02 +0000},
	Date-Modified = {2016-03-18 18:52:02 +0000},
	Doi = {10.1090/S1056-3911-05-00418-2},
	Fjournal = {Journal of Algebraic Geometry},
	Issn = {1056-3911},
	Journal = {J. Algebraic Geom.},
	Mrclass = {14D20 (14A20)},
	Mrnumber = {2177199 (2006f:14009)},
	Mrreviewer = {Hsian-Hua Tseng},
	Number = {1},
	Pages = {175--206},
	Title = {Moduli of complexes on a proper morphism},
	Url = {http://dx.doi.org.proxy.libraries.rutgers.edu/10.1090/S1056-3911-05-00418-2},
	Volume = {15},
	Year = {2006},
	Bdsk-Url-1 = {http://www.ams.org.proxy.libraries.rutgers.edu/mathscinet-getitem?mr=2177199}}

@article{LLSvS13,
	Author = {C. Lehn and M. Lehn and C. Sorger and D. van Straten},
	Date-Added = {2016-03-18 18:52:02 +0000},
	Date-Modified = {2016-03-18 18:52:02 +0000},
	Eprint = {1305.0178},
	Journal = {arXiv:math/1305.0178},
	Title = {Twisted cubics on cubic fourfolds},
	Url = {http://lanl.arxiv.org/abs/1305.0178},
	Year = {2013},
	Bdsk-Url-1 = {http://lanl.arxiv.org/abs/1305.0178}}

@article{LMS15,
	Author = {M. Lahoz and E. Macr{\`{\i}} and P. Stellari},
	Date-Added = {2016-03-18 18:52:02 +0000},
	Date-Modified = {2016-03-18 18:52:02 +0000},
	Journal = {Algebr. Geom.},
	Number = {2},
	Pages = {231--269},
	Title = {Arithmetically {C}ohen-{M}acaulay bundles on cubic threefolds},
	Volume = {2},
	Year = {2015},
	Bdsk-Url-1 = {http://www.ams.org.proxy.libraries.rutgers.edu/mathscinet-getitem?mr=3350158}}

@article{LZ13,
	Author = {C. Li and X. Zhao},
	Date-Added = {2016-03-18 18:52:02 +0000},
	Date-Modified = {2016-03-18 18:52:02 +0000},
	Eprint = {1312.1748},
	Journal = {arXiv:math/1312.1748},
	Title = {The {MMP} for deformations of {H}ilbert schemes of points on the projective plane},
	Url = {http://lanl.arxiv.org/abs/1312.1748},
	Year = {2013},
	Bdsk-Url-1 = {http://lanl.arxiv.org/abs/1312.1748}}

@article{Mac04,
	Author = {E. Macr{\`{\i}}},
	Date-Added = {2016-03-18 18:52:02 +0000},
	Date-Modified = {2016-03-18 18:52:02 +0000},
	Journal = {arXiv:math/0411613},
	Title = {Some examples of spaces of stability conditions on derived categories},
	Year = {2004}}

@article{Mac14a,
	Author = {E. Macr{\`{\i}}},
	Date-Added = {2016-03-18 18:52:02 +0000},
	Date-Modified = {2016-03-18 18:52:02 +0000},
	Journal = {Algebra Number Theory},
	Number = {1},
	Pages = {173--190},
	Title = {A generalized {B}ogomolov-{G}ieseker inequality for the three-dimensional projective space},
	Volume = {8},
	Year = {2014},
	Bdsk-Url-1 = {http://dx.doi.org.proxy.libraries.rutgers.edu/10.2140/ant.2014.8.173},
	Bdsk-Url-2 = {http://dx.doi.org/10.2140/ant.2014.8.173}}

@article{Mac14b,
	Author = {A. Maciocia},
	Date-Added = {2016-03-18 18:52:02 +0000},
	Date-Modified = {2016-03-18 18:52:02 +0000},
	Journal = {Asian J. Math.},
	Number = {2},
	Pages = {263--279},
	Title = {Computing the walls associated to {B}ridgeland stability conditions on projective surfaces},
	Volume = {18},
	Year = {2014},
	Bdsk-Url-1 = {http://www.ams.org.proxy.libraries.rutgers.edu/mathscinet-getitem?mr=3217637}}

@article{Mar,
	Author = {C. Martinez},
	Date-Added = {2016-03-18 18:52:02 +0000},
	Date-Modified = {2016-03-18 18:52:02 +0000},
	Eprint = {1311.1183},
	Journal = {arXiv:math/1311.1183},
	Month = {11},
	Title = {Duality, {B}ridgeland wall-crossing and flips of secant varieties},
	Url = {http://arxiv.org/abs/1311.1183},
	Year = {2013},
	Bdsk-Url-1 = {http://arxiv.org/abs/1311.1183}}

@article{Mar77,
	Author = {M. Maruyama},
	Date-Added = {2016-03-18 18:52:02 +0000},
	Date-Modified = {2016-03-18 18:52:02 +0000},
	Fjournal = {Journal of Mathematics of Kyoto University},
	Issn = {0023-608X},
	Journal = {J. Math. Kyoto Univ.},
	Mrclass = {14D20 (14C99)},
	Mrnumber = {0450271 (56 \#8567)},
	Mrreviewer = {S. L. Kleiman},
	Number = {1},
	Pages = {91--126},
	Title = {Moduli of stable sheaves. {I}},
	Volume = {17},
	Year = {1977},
	Bdsk-Url-1 = {http://www.ams.org.proxy.libraries.rutgers.edu/mathscinet-getitem?mr=0450271}}

@article{Mar78,
	Author = {M. Maruyama},
	Coden = {JMKYAZ},
	Date-Added = {2016-03-18 18:52:02 +0000},
	Date-Modified = {2016-03-18 18:52:02 +0000},
	Fjournal = {Journal of Mathematics of Kyoto University},
	Issn = {0023-608X},
	Journal = {J. Math. Kyoto Univ.},
	Mrclass = {14D20 (14F05)},
	Mrnumber = {509499 (82h:14011)},
	Mrreviewer = {M. Schneider},
	Number = {3},
	Pages = {557--614},
	Title = {Moduli of stable sheaves. {II}},
	Volume = {18},
	Year = {1978},
	Bdsk-Url-1 = {http://www.ams.org.proxy.libraries.rutgers.edu/mathscinet-getitem?mr=509499}}

@article{MM13,
	Author = {A. Maciocia and C. Meachan},
	Date-Added = {2016-03-18 18:52:02 +0000},
	Date-Modified = {2016-03-18 18:52:02 +0000},
	Journal = {Int. Math. Res. Not. IMRN},
	Number = {9},
	Pages = {2054--2077},
	Title = {Rank 1 {B}ridgeland stable moduli spaces on a principally polarized abelian surface},
	Year = {2013}}

@article{MMS09,
	Author = {E. Macr{\`{\i}} and S. Mehrotra and P. Stellari},
	Date-Added = {2016-03-18 18:52:02 +0000},
	Date-Modified = {2016-03-18 18:52:02 +0000},
	Journal = {J. Algebraic Geom.},
	Number = {4},
	Pages = {605--649},
	Title = {Inducing stability conditions},
	Volume = {18},
	Year = {2009},
	Bdsk-Url-1 = {http://www.ams.org.proxy.libraries.rutgers.edu/mathscinet-getitem?mr=2524593}}

@article{MNOP1,
	Author = {D. Maulik and N. Nekrasov and A. Okounkov and R. Pandharipande},
	Date-Added = {2016-03-18 18:52:02 +0000},
	Date-Modified = {2016-03-18 18:52:02 +0000},
	Doi = {10.1112/S0010437X06002302},
	Fjournal = {Compositio Mathematica},
	Issn = {0010-437X},
	Journal = {Compos. Math.},
	Mrclass = {14N35 (14J32)},
	Mrnumber = {2264664 (2007i:14061)},
	Mrreviewer = {Hsian-Hua Tseng},
	Number = {5},
	Pages = {1263--1285},
	Title = {Gromov-{W}itten theory and {D}onaldson-{T}homas theory. {I}},
	Url = {http://dx.doi.org.proxy.libraries.rutgers.edu/10.1112/S0010437X06002302},
	Volume = {142},
	Year = {2006},
	Bdsk-Url-1 = {http://www.ams.org.proxy.libraries.rutgers.edu/mathscinet-getitem?mr=2264664}}

@article{MNOP2,
	Author = {D. Maulik and N. Nekrasov and A. Okounkov and R. Pandharipande},
	Date-Added = {2016-03-18 18:52:02 +0000},
	Date-Modified = {2016-03-18 18:52:02 +0000},
	Doi = {10.1112/S0010437X06002314},
	Fjournal = {Compositio Mathematica},
	Issn = {0010-437X},
	Journal = {Compos. Math.},
	Mrclass = {14N35 (14C05)},
	Mrnumber = {2264665 (2007i:14062)},
	Mrreviewer = {Hsian-Hua Tseng},
	Number = {5},
	Pages = {1286--1304},
	Title = {Gromov-{W}itten theory and {D}onaldson-{T}homas theory. {II}},
	Url = {http://dx.doi.org.proxy.libraries.rutgers.edu/10.1112/S0010437X06002314},
	Volume = {142},
	Year = {2006},
	Bdsk-Url-1 = {http://www.ams.org.proxy.libraries.rutgers.edu/mathscinet-getitem?mr=2264665}}

@incollection{Mor92,
	Author = {D. Morrison},
	Booktitle = {Essays on mirror manifolds},
	Date-Added = {2016-03-18 18:52:02 +0000},
	Date-Modified = {2016-03-18 18:52:02 +0000},
	Mrclass = {32G20 (14D05 14J10 14J30 14N10 32J17)},
	Mrnumber = {1191426 (94b:32035)},
	Mrreviewer = {Bruce Hunt},
	Pages = {241--264},
	Publisher = {Int. Press, Hong Kong},
	Title = {Picard-{F}uchs equations and mirror maps for hypersurfaces},
	Year = {1992},
	Bdsk-Url-1 = {http://www.ams.org.proxy.libraries.rutgers.edu/mathscinet-getitem?mr=1191426}}

@article{MP13,
	Author = {A. Maciocia and D. Piyaratne},
	Date-Added = {2016-03-18 18:52:02 +0000},
	Date-Modified = {2016-03-18 18:52:02 +0000},
	Eprint = {1310.0299},
	Journal = {arXiv:math/1310.0299},
	Title = {Fourier-{M}ukai Transforms and {B}ridgeland Stability Conditions on Abelian Threefolds {II}},
	Url = {http://arxiv.org/abs/1310.0299},
	Year = {2013},
	Bdsk-Url-1 = {http://arxiv.org/abs/1310.0299}}

@incollection{MP13a,
	Author = {D. Maulik and R. Pandharipande},
	Booktitle = {A celebration of algebraic geometry},
	Date-Added = {2016-03-18 18:52:02 +0000},
	Date-Modified = {2016-03-18 18:52:02 +0000},
	Mrclass = {14N35 (14J10 14J28)},
	Mrnumber = {3114953},
	Mrreviewer = {Satoshi Minabe},
	Pages = {469--507},
	Publisher = {Amer. Math. Soc., Providence, RI},
	Series = {Clay Math. Proc.},
	Title = {Gromov-{W}itten theory and {N}oether-{L}efschetz theory},
	Volume = {18},
	Year = {2013},
	Bdsk-Url-1 = {http://www.ams.org.proxy.libraries.rutgers.edu/mathscinet-getitem?mr=3114953}}

@article{MP15,
	Author = {A. Maciocia and D. Piyaratne},
	Date-Added = {2016-03-18 18:52:02 +0000},
	Date-Modified = {2016-03-18 18:52:02 +0000},
	Journal = {Algebr. Geom.},
	Number = {3},
	Pages = {270--297},
	Title = {Fourier-{M}ukai transforms and {B}ridgeland stability conditions on abelian threefolds},
	Volume = {2},
	Year = {2015},
	Bdsk-Url-1 = {http://www.ams.org.proxy.libraries.rutgers.edu/mathscinet-getitem?mr=3370123}}

@article{Muk81,
	Author = {S. Mukai},
	Date-Added = {2016-03-18 18:52:02 +0000},
	Date-Modified = {2016-03-18 18:52:02 +0000},
	Journal = {Nagoya Math. J.},
	Pages = {153--175},
	Title = {Duality between {$D(X)$} and {$D(\hat X)$} with its application to {P}icard sheaves},
	Volume = {81},
	Year = {1981}}

@article{Muk84,
	Author = {S. Mukai},
	Date-Added = {2016-03-18 18:52:02 +0000},
	Date-Modified = {2016-03-18 18:52:02 +0000},
	Journal = {Invent. Math.},
	Number = {1},
	Pages = {101--116},
	Title = {Symplectic structure of the moduli space of sheaves on an abelian or {K3} surface},
	Volume = {77},
	Year = {1984}}

@incollection{Muk87a,
	Author = {S. Mukai},
	Booktitle = {Algebraic geometry, {S}endai, 1985},
	Date-Added = {2016-03-18 18:52:02 +0000},
	Date-Modified = {2016-03-18 18:52:02 +0000},
	Pages = {515--550},
	Publisher = {North-Holland, Amsterdam},
	Series = {Adv. Stud. Pure Math.},
	Title = {Fourier functor and its application to the moduli of bundles on an abelian variety},
	Volume = {10},
	Year = {1987}}

@incollection{Muk87b,
	Author = {S. Mukai},
	Booktitle = {Vector bundles on algebraic varieties ({B}ombay, 1984)},
	Date-Added = {2016-03-18 18:52:02 +0000},
	Date-Modified = {2016-03-18 18:52:02 +0000},
	Pages = {341--413},
	Publisher = {Tata Inst. Fund. Res., Bombay},
	Series = {Tata Inst. Fund. Res. Stud. Math.},
	Title = {On the moduli space of bundles on {K3} surfaces. {I}},
	Volume = {11},
	Year = {1987}}

@incollection{Muk88,
	Author = {S. Mukai},
	Booktitle = {Algebraic geometry and commutative algebra, {V}ol.\ {I}},
	Date-Added = {2016-03-18 18:52:02 +0000},
	Date-Modified = {2016-03-18 18:52:02 +0000},
	Mrclass = {14J10 (14J28 14J30 32G13 32J15 32M10)},
	Mrnumber = {977768 (90b:14039)},
	Mrreviewer = {Peter Nielsen},
	Pages = {357--377},
	Publisher = {Kinokuniya, Tokyo},
	Title = {Curves, {K3} surfaces and {F}ano {$3$}-folds of genus {$\leq 10$}},
	Year = {1988},
	Bdsk-Url-1 = {http://www.ams.org.proxy.libraries.rutgers.edu/mathscinet-getitem?mr=977768}}

@article{Muk89,
	Author = {S. Mukai},
	Coden = {PNASA6},
	Date-Added = {2016-03-18 18:52:02 +0000},
	Date-Modified = {2016-03-18 18:52:02 +0000},
	Doi = {10.1073/pnas.86.9.3000},
	Fjournal = {Proceedings of the National Academy of Sciences of the United States of America},
	Issn = {0027-8424},
	Journal = {Proc. Nat. Acad. Sci. U.S.A.},
	Mrclass = {14J30 (14J35 14J40)},
	Mrnumber = {995400 (90g:14024)},
	Mrreviewer = {A. S. Tikhomirov},
	Number = {9},
	Pages = {3000--3002},
	Title = {Biregular classification of {F}ano {$3$}-folds and {F}ano manifolds of coindex {$3$}},
	Url = {http://dx.doi.org.proxy.libraries.rutgers.edu/10.1073/pnas.86.9.3000},
	Volume = {86},
	Year = {1989},
	Bdsk-Url-1 = {http://www.ams.org.proxy.libraries.rutgers.edu/mathscinet-getitem?mr=995400}}

@incollection{Muk92,
	Author = {S. Mukai},
	Booktitle = {Complex projective geometry ({T}rieste, 1989/{B}ergen, 1989)},
	Date-Added = {2016-03-18 18:52:02 +0000},
	Date-Modified = {2016-03-18 18:52:02 +0000},
	Doi = {10.1017/CBO9780511662652.019},
	Mrclass = {14J28 (14J10 32J15)},
	Mrnumber = {1201388 (94a:14039)},
	Mrreviewer = {Shigeyuki Kondo},
	Pages = {264--276},
	Publisher = {Cambridge Univ. Press, Cambridge},
	Series = {London Math. Soc. Lecture Note Ser.},
	Title = {Polarized {K3} surfaces of genus {$18$} and {$20$}},
	Url = {http://dx.doi.org.proxy.libraries.rutgers.edu/10.1017/CBO9780511662652.019},
	Volume = {179},
	Year = {1992},
	Bdsk-Url-1 = {http://www.ams.org.proxy.libraries.rutgers.edu/mathscinet-getitem?mr=1201388}}

@article{MW97,
	Author = {K. Matsuki and R. Wentworth},
	Date-Added = {2016-03-18 18:52:02 +0000},
	Date-Modified = {2016-03-18 18:52:02 +0000},
	Doi = {10.1142/S0129167X97000068},
	Fjournal = {International Journal of Mathematics},
	Issn = {0129-167X},
	Journal = {Internat. J. Math.},
	Mrclass = {14D20 (14F05)},
	Mrnumber = {1433203 (97m:14010)},
	Mrreviewer = {Zhenbo Qin},
	Number = {1},
	Pages = {97--148},
	Title = {Mumford-{T}haddeus principle on the moduli space of vector bundles on an algebraic surface},
	Url = {http://dx.doi.org.proxy.libraries.rutgers.edu/10.1142/S0129167X97000068},
	Volume = {8},
	Year = {1997},
	Bdsk-Url-1 = {http://www.ams.org.proxy.libraries.rutgers.edu/mathscinet-getitem?mr=1433203}}

@article{MYY14,
	Author = {H. Minamide and S. Yanagida and K. Yoshioka},
	Date-Added = {2016-03-18 18:52:02 +0000},
	Date-Modified = {2016-03-18 18:52:02 +0000},
	Journal = {Int. Math. Res. Not. IMRN},
	Number = {19},
	Pages = {5264--5327},
	Title = {Some moduli spaces of {B}ridgeland's stability conditions},
	Year = {2014}}

@article{MZ14,
	Author = {C. Meachan and Z. Zhang},
	Date-Added = {2016-03-18 18:52:02 +0000},
	Date-Modified = {2016-03-18 18:52:02 +0000},
	Journal = {arXiv:math/1404.6783},
	Title = {Birational geometry of singular moduli spaces of {O}'{G}rady type},
	Year = {2014}}

@article{Nue12,
	 AUTHOR = {Borisov, Lev A. and Nuer, Howard J.},
     TITLE = {On {$(2,4)$} complete intersection threefolds that contain an
              {E}nriques surface},
   JOURNAL = {Math. Z.},
  FJOURNAL = {Mathematische Zeitschrift},
    VOLUME = {284},
      YEAR = {2016},
    NUMBER = {3-4},
     PAGES = {853--876},
      ISSN = {0025-5874},
     CODEN = {MAZEAX},
   MRCLASS = {14E30 (14J28 14J30 14J32)},
  MRNUMBER = {3563257},
       DOI = {10.1007/s00209-016-1676-z},
       URL = {http://dx.doi.org/10.1007/s00209-016-1676-z},
}

@article{Nue14a,
	 AUTHOR = {Nuer, Howard},
     TITLE = {A note on the existence of stable vector bundles on {E}nriques
              surfaces},
   JOURNAL = {Selecta Math. (N.S.)},
  FJOURNAL = {Selecta Mathematica. New Series},
    VOLUME = {22},
      YEAR = {2016},
    NUMBER = {3},
     PAGES = {1117--1156},
      ISSN = {1022-1824},
     CODEN = {SMATF6},
   MRCLASS = {14D20 (14J28)},
  MRNUMBER = {3518547},
       DOI = {10.1007/s00029-015-0218-6},
       URL = {http://dx.doi.org/10.1007/s00029-015-0218-6},
}

@article{Nue14b,
	  AUTHOR = {Nuer, Howard},
     TITLE = {Projectivity and birational geometry of {B}ridgeland moduli
              spaces on an {E}nriques surface},
   JOURNAL = {Proc. Lond. Math. Soc. (3)},
  FJOURNAL = {Proceedings of the London Mathematical Society. Third Series},
    VOLUME = {113},
      YEAR = {2016},
    NUMBER = {3},
     PAGES = {345--386},
      ISSN = {0024-6115},
   MRCLASS = {Preliminary Data},
  MRNUMBER = {3551850},
       DOI = {10.1112/plms/pdw033},
       URL = {http://dx.doi.org/10.1112/plms/pdw033},
}

@article{Nue15a,
	Author = {H. Nuer},
	Date-Added = {2016-03-18 18:52:02 +0000},
	Date-Modified = {2016-03-18 18:52:02 +0000},
	Journal = {arXiv:math/1503.05256},
	Title = {Unirationality of moduli spaces of special cubic fourfolds and {K3} surfaces},
	Year = {2015}}

@inproceedings{Nue15b,
	Author = {H. Nuer and P. Devlin},
	Booktitle = {String Math 2014},
	Date-Added = {2016-03-18 18:52:02 +0000},
	Date-Modified = {2016-03-18 18:52:02 +0000},
	Publisher = {Amer. Math. Soc.},
	Series = {Proc. Sympos. Pure Math.},
	Title = {A strange family of {C}alabi-{Y}au 3-folds},
	Year = {2015, to appear}}

@article{OG97,
	Author = {K. O'Grady},
	Date-Added = {2016-03-18 18:52:02 +0000},
	Date-Modified = {2016-03-18 18:52:02 +0000},
	Fjournal = {Journal of Algebraic Geometry},
	Issn = {1056-3911},
	Journal = {J. Algebraic Geom.},
	Mrclass = {14J60 (14C05 14J28 53D30)},
	Mrnumber = {1487228 (2000a:14052)},
	Mrreviewer = {Daniel Huybrechts},
	Number = {4},
	Pages = {599--644},
	Title = {The weight-two {H}odge structure of moduli spaces of sheaves on a {$K3$} surface},
	Volume = {6},
	Year = {1997},
	Bdsk-Url-1 = {http://www.ams.org.proxy.libraries.rutgers.edu/mathscinet-getitem?mr=1487228}}

@article{Orl03,
	Author = {D. Orlov},
	Date-Added = {2016-03-18 18:52:02 +0000},
	Date-Modified = {2016-03-18 18:52:02 +0000},
	Journal = {Uspekhi Mat. Nauk},
	Number = {3(351)},
	Pages = {89--172},
	Title = {Derived categories of coherent sheaves and equivalences between them},
	Volume = {58},
	Year = {2003}}

@article{OS11,
	Author = {K. Oguiso and S. Schr{{\"o}}er},
	Coden = {JRMAA8},
	Date-Added = {2016-03-18 18:52:02 +0000},
	Date-Modified = {2016-03-18 18:52:02 +0000},
	Doi = {10.1515/CRELLE.2011.077},
	Fjournal = {Journal f{\"u}r die Reine und Angewandte Mathematik. [Crelle's Journal]},
	Issn = {0075-4102},
	Journal = {J. Reine Angew. Math.},
	Mrclass = {53C26 (32Q25)},
	Mrnumber = {2863907},
	Mrreviewer = {Kieran G. O'Grady},
	Pages = {215--235},
	Title = {Enriques manifolds},
	Url = {http://dx.doi.org.proxy.libraries.rutgers.edu/10.1515/CRELLE.2011.077},
	Volume = {661},
	Year = {2011},
	Bdsk-Url-1 = {http://www.ams.org.proxy.libraries.rutgers.edu/mathscinet-getitem?mr=2863907}}

@article{Pol07,
	Author = {A. Polishchuk},
	Date-Added = {2016-03-18 18:52:02 +0000},
	Date-Modified = {2016-03-18 18:52:02 +0000},
	Fjournal = {Moscow Mathematical Journal},
	Issn = {1609-3321},
	Journal = {Mosc. Math. J.},
	Mrclass = {14F05 (18E30)},
	Mrnumber = {2324559 (2008e:14020)},
	Mrreviewer = {Andrei D. Halanay},
	Number = {1},
	Pages = {109--134, 167},
	Title = {Constant families of {$t$}-structures on derived categories of coherent sheaves},
	Volume = {7},
	Year = {2007},
	Bdsk-Url-1 = {http://www.ams.org.proxy.libraries.rutgers.edu/mathscinet-getitem?mr=2324559}}

@article{PT15,
	Author = {D. Piyaratne and Y. Toda},
	Date-Added = {2016-03-18 18:52:02 +0000},
	Date-Modified = {2016-03-18 18:52:02 +0000},
	Eprint = {1504.01177},
	Journal = {arXiv:math/1504.01177},
	Title = {Moduli of {B}ridgeland semistable objects on 3-folds and {D}onaldson-{T}homas invariants},
	Url = {http://arxiv.org/abs/1504.01177},
	Year = {2015},
	Bdsk-Url-1 = {http://arxiv.org/abs/1504.01177}}

@article{Qin91,
	Author = {Z. Qin},
	Coden = {MAZEAX},
	Date-Added = {2016-03-18 18:52:02 +0000},
	Date-Modified = {2016-03-18 18:52:02 +0000},
	Doi = {10.1007/BF02571380},
	Fjournal = {Mathematische Zeitschrift},
	Issn = {0025-5874},
	Journal = {Math. Z.},
	Mrclass = {14J60 (14D20 14J25)},
	Mrnumber = {1106818},
	Number = {1},
	Pages = {121--136},
	Title = {Chamber structures of algebraic surfaces with {K}odaira dimension zero and moduli spaces of stable rank two bundles},
	Url = {http://dx.doi.org.proxy.libraries.rutgers.edu/10.1007/BF02571380},
	Volume = {207},
	Year = {1991},
	Bdsk-Url-1 = {http://www.ams.org.proxy.libraries.rutgers.edu/mathscinet-getitem?mr=1106818}}

@article{Rod00,
	Author = {E. R{\o}dland},
	Coden = {CMPMAF},
	Date-Added = {2016-03-18 18:52:02 +0000},
	Date-Modified = {2016-03-18 18:52:02 +0000},
	Doi = {10.1023/A:1001847914402},
	Fjournal = {Compositio Mathematica},
	Issn = {0010-437X},
	Journal = {Compositio Math.},
	Mrclass = {14J32 (32G81 81T30)},
	Mrnumber = {1775415 (2001h:14051)},
	Mrreviewer = {Yuan-Pin Lee},
	Number = {2},
	Pages = {135--149},
	Title = {The {P}faffian {C}alabi-{Y}au, its mirror, and their link to the {G}rassmannian {$G(2,7)$}},
	Url = {http://dx.doi.org.proxy.libraries.rutgers.edu/10.1023/A:1001847914402},
	Volume = {122},
	Year = {2000},
	Bdsk-Url-1 = {http://www.ams.org.proxy.libraries.rutgers.edu/mathscinet-getitem?mr=1775415}}

@article{Rom,
	Author = {M. Romagny},
	Date-Added = {2016-03-18 18:52:02 +0000},
	Date-Modified = {2016-03-18 18:52:02 +0000},
	Doi = {10.1307/mmj/1114021093},
	Fjournal = {Michigan Mathematical Journal},
	Issn = {0026-2285},
	Journal = {Michigan Math. J.},
	Mrclass = {14A20 (14H10)},
	Mrnumber = {2125542 (2005m:14005)},
	Mrreviewer = {Ivan S. Kausz},
	Number = {1},
	Pages = {209--236},
	Title = {Group actions on stacks and applications},
	Url = {http://dx.doi.org.proxy.libraries.rutgers.edu/10.1307/mmj/1114021093},
	Volume = {53},
	Year = {2005},
	Bdsk-Url-1 = {http://www.ams.org.proxy.libraries.rutgers.edu/mathscinet-getitem?mr=2125542}}

@article{RZ15,
	Author = {N. Rasmussen and S. Zhou},
	Date-Added = {2016-03-18 18:52:02 +0000},
	Date-Modified = {2016-03-18 18:52:02 +0000},
	Doi = {10.1515/advgeom-2015-0012},
	Fjournal = {Advances in Geometry},
	Issn = {1615-715X},
	Journal = {Adv. Geom.},
	Mrclass = {14J28 (14Hxx)},
	Mrnumber = {3365746},
	Number = {3},
	Pages = {281--292},
	Title = {Pencils of small degree on curves on unnodal {E}nriques surfaces},
	Url = {http://dx.doi.org.proxy.libraries.rutgers.edu/10.1515/advgeom-2015-0012},
	Volume = {15},
	Year = {2015},
	Bdsk-Url-1 = {http://www.ams.org.proxy.libraries.rutgers.edu/mathscinet-getitem?mr=3365746}}

@book{Sac,
	Author = {G. Sacca},
	Date-Added = {2016-03-18 18:52:02 +0000},
	Date-Modified = {2016-03-18 18:52:02 +0000},
	Isbn = {978-1303-09773-7},
	Mrclass = {Thesis},
	Mrnumber = {3153425},
	Note = {Thesis (Ph.D.)--Princeton University},
	Pages = {159},
	Publisher = {ProQuest LLC, Ann Arbor, MI},
	Title = {Fibrations in abelian varieties associated to {E}nriques surfaces},
	Url = {http://gateway.proquest.com.proxy.libraries.rutgers.edu/openurl?url_ver=Z39.88-2004&rft_val_fmt=info:ofi/fmt:kev:mtx:dissertation&res_dat=xri:pqm&rft_dat=xri:pqdiss:3562224},
	Year = {2013},
	Bdsk-Url-1 = {http://www.ams.org.proxy.libraries.rutgers.edu/mathscinet-getitem?mr=3153425}}

@article{Sch14,
	Author = {B. Schmidt},
	Date-Added = {2016-03-18 18:52:02 +0000},
	Date-Modified = {2016-03-18 18:52:02 +0000},
	Journal = {Bull. Lond. Math. Soc.},
	Number = {5},
	Pages = {915--923},
	Title = {A generalized {B}ogomolov-{G}ieseker inequality for the smooth quadric threefold},
	Volume = {46},
	Year = {2014},
	Bdsk-Url-1 = {http://www.ams.org.proxy.libraries.rutgers.edu/mathscinet-getitem?mr=3262194}}

@article{Sch15,
	Author = {B. Schmidt},
	Date-Added = {2016-03-18 18:52:02 +0000},
	Date-Modified = {2016-03-18 18:52:02 +0000},
	Eprint = {1509.04608},
	Journal = {arXiv:math/1509.04608},
	Title = {Bridgeland stability on threefolds - some Wall Crossings},
	Url = {http://arxiv.org/abs/1509.04608},
	Year = {2015},
	Bdsk-Url-1 = {http://arxiv.org/abs/1509.04608}}

@book{Ser06,
	Author = {E. Sernesi},
	Date-Added = {2016-03-18 18:52:02 +0000},
	Date-Modified = {2016-03-18 18:52:02 +0000},
	Isbn = {978-3-540-30608-5; 3-540-30608-0},
	Mrclass = {14D15 (14B05 14B10 14B12 14B20 14B25 14D20)},
	Mrnumber = {2247603},
	Mrreviewer = {Marko Roczen},
	Pages = {xii+339},
	Publisher = {Springer-Verlag, Berlin},
	Series = {Grundlehren der Mathematischen Wissenschaften [Fundamental Principles of Mathematical Sciences]},
	Title = {Deformations of algebraic schemes},
	Volume = {334},
	Year = {2006},
	Bdsk-Url-1 = {http://www.ams.org.proxy.libraries.rutgers.edu/mathscinet-getitem?mr=2247603}}

@article{Sim94,
	Author = {C. Simpson},
	Coden = {PMIHA6},
	Date-Added = {2016-03-18 18:52:02 +0000},
	Date-Modified = {2016-03-18 18:52:02 +0000},
	Fjournal = {Institut des Hautes {\'E}tudes Scientifiques. Publications Math{\'e}matiques},
	Issn = {0073-8301},
	Journal = {Inst. Hautes {\'E}tudes Sci. Publ. Math.},
	Mrclass = {14D20 (14D22 14D25 14F05)},
	Mrnumber = {1307297 (96e:14012)},
	Mrreviewer = {Nitin Nitsure},
	Number = {79},
	Pages = {47--129},
	Title = {Moduli of representations of the fundamental group of a smooth projective variety. {I}},
	Url = {http://www.numdam.org/item?id=PMIHES_1994__79__47_0},
	Year = {1994},
	Bdsk-Url-1 = {http://www.ams.org.proxy.libraries.rutgers.edu/mathscinet-getitem?mr=1307297}}

@article{Tha96,
	Author = {M. Thaddeus},
	Date-Added = {2016-03-18 18:52:02 +0000},
	Date-Modified = {2016-03-18 18:52:02 +0000},
	Doi = {10.1090/S0894-0347-96-00204-4},
	Fjournal = {Journal of the American Mathematical Society},
	Issn = {0894-0347},
	Journal = {J. Amer. Math. Soc.},
	Mrclass = {14D25 (14L30)},
	Mrnumber = {1333296},
	Mrreviewer = {I. Dolgachev},
	Number = {3},
	Pages = {691--723},
	Title = {Geometric invariant theory and flips},
	Url = {http://dx.doi.org.proxy.libraries.rutgers.edu/10.1090/S0894-0347-96-00204-4},
	Volume = {9},
	Year = {1996},
	Bdsk-Url-1 = {http://www.ams.org.proxy.libraries.rutgers.edu/mathscinet-getitem?mr=1333296}}

@article{Tho00,
	Author = {R. Thomas},
	Date-Added = {2016-03-18 18:52:02 +0000},
	Date-Modified = {2016-03-18 18:52:02 +0000},
	Journal = {J. Differential Geom.},
	Number = {2},
	Pages = {367-438},
	Title = {A holomorphic Casson invariant for Calabi-Yau 3-folds, and bundles on K3 fibrations},
	Volume = {54},
	Year = {2000}}

@article{Tod08,
	Author = {Y. Toda},
	Date-Added = {2016-03-18 18:52:02 +0000},
	Date-Modified = {2016-03-18 18:52:02 +0000},
	Journal = {Adv. Math.},
	Number = {6},
	Pages = {2736-2781},
	Title = {Moduli stacks and invariants of semistable objects on {K3} surfaces},
	Volume = {217},
	Year = {2008}}

@article{Tod08b,
	Author = {Y. Toda},
	Date-Added = {2016-03-18 18:52:02 +0000},
	Date-Modified = {2016-03-18 18:52:02 +0000},
	Journal = {Trans. Amer. Math. Soc.},
	Number = {11},
	Pages = {6149-6178},
	Title = {Stability conditions and crepant small resolutions},
	Volume = {360},
	Year = {2008}}

@article{Tod09,
	Author = {Y. Toda},
	Date-Added = {2016-03-18 18:52:02 +0000},
	Date-Modified = {2016-03-18 18:52:02 +0000},
	Journal = {Duke Math. J.},
	Number = {1},
	Pages = {157--208},
	Title = {Limit stable objects on {C}alabi-{Y}au 3-folds},
	Volume = {149},
	Year = {2009},
	Bdsk-Url-1 = {http://www.ams.org.proxy.libraries.rutgers.edu/mathscinet-getitem?mr=2541209}}

@article{Tod13,
	Author = {Y. Toda},
	Date-Added = {2016-03-18 18:52:02 +0000},
	Date-Modified = {2016-03-18 18:52:02 +0000},
	Journal = {Math. Ann.},
	Number = {2},
	Pages = {631-685},
	Title = {Stability conditions and extremal contractions},
	Volume = {357},
	Year = {2013}}

@article{Tod14,
	Author = {Y. Toda},
	Date-Added = {2016-03-18 18:52:02 +0000},
	Date-Modified = {2016-03-18 18:52:02 +0000},
	Journal = {Compos. Math.},
	Number = {10},
	Pages = {1755-1788},
	Title = {Stability conditions and birational geometry of projective surfaces},
	Volume = {150},
	Year = {2014}}

@article{Tod14a,
	Author = {Y. Toda},
	Date-Added = {2016-03-18 18:52:02 +0000},
	Date-Modified = {2016-03-18 18:52:02 +0000},
	Fjournal = {Mathematical Society of Japan. S\=ugaku (Mathematics)},
	Journal = {S\=ugaku},
	Number = {4},
	Pages = {337--365},
	Title = {Curve counting theories on {C}alabi-{Y}au 3-folds---an approach via stability conditions for derived categories},
	Volume = {66},
	Year = {2014}}

@article{Tod14b,
	Author = {Y. Toda},
	Date-Added = {2016-03-18 18:52:02 +0000},
	Date-Modified = {2016-03-18 18:52:02 +0000},
	Journal = {arXiv:math/1404.3814},
	Title = {Derived category of coherent sheaves and counting invariants},
	Year = {2014}}

@article{Voi02,
	Author = {C. Voisin},
	Date-Added = {2016-03-18 18:52:02 +0000},
	Date-Modified = {2016-03-18 18:52:02 +0000},
	Doi = {10.1007/s100970200042},
	Fjournal = {Journal of the European Mathematical Society (JEMS)},
	Issn = {1435-9855},
	Journal = {J. Eur. Math. Soc. (JEMS)},
	Mrclass = {14H51 (14J28)},
	Mrnumber = {1941089 (2003i:14040)},
	Mrreviewer = {Jean D'Almeida},
	Number = {4},
	Pages = {363--404},
	Title = {Green's generic syzygy conjecture for curves of even genus lying on a {K3} surface},
	Url = {http://dx.doi.org.proxy.libraries.rutgers.edu/10.1007/s100970200042},
	Volume = {4},
	Year = {2002},
	Bdsk-Url-1 = {http://www.ams.org.proxy.libraries.rutgers.edu/mathscinet-getitem?mr=1941089}}

@article{Voi05,
	Author = {C. Voisin},
	Date-Added = {2016-03-18 18:52:02 +0000},
	Date-Modified = {2016-03-18 18:52:02 +0000},
	Doi = {10.1112/S0010437X05001387},
	Fjournal = {Compositio Mathematica},
	Issn = {0010-437X},
	Journal = {Compos. Math.},
	Mrclass = {14H51 (14C20 14F17 14J28)},
	Mrnumber = {2157134 (2006c:14053)},
	Mrreviewer = {Montserrat Teixidor i Bigas},
	Number = {5},
	Pages = {1163--1190},
	Title = {Green's canonical syzygy conjecture for generic curves of odd genus},
	Url = {http://dx.doi.org.proxy.libraries.rutgers.edu/10.1112/S0010437X05001387},
	Volume = {141},
	Year = {2005},
	Bdsk-Url-1 = {http://www.ams.org.proxy.libraries.rutgers.edu/mathscinet-getitem?mr=2157134}}

@article{Yamada,
	Author = {K. Yamada},
	Date-Added = {2016-03-18 18:52:02 +0000},
	Date-Modified = {2016-03-18 18:52:02 +0000},
	Doi = {10.1215/21562261-1966098},
	Fjournal = {Kyoto Journal of Mathematics},
	Issn = {2156-2261},
	Journal = {Kyoto J. Math.},
	Mrclass = {14D20 (14J28)},
	Mrnumber = {3049310},
	Mrreviewer = {Kieran G. O'Grady},
	Number = {1},
	Pages = {145--153},
	Title = {Singularities and {K}odaira dimension of moduli scheme of stable sheaves on {E}nriques surfaces},
	Url = {http://dx.doi.org.proxy.libraries.rutgers.edu/10.1215/21562261-1966098},
	Volume = {53},
	Year = {2013},
	Bdsk-Url-1 = {http://www.ams.org.proxy.libraries.rutgers.edu/mathscinet-getitem?mr=3049310}}

@article{Yos01,
	Author = {K. Yoshioka},
	Coden = {MAANA},
	Date-Added = {2016-03-18 18:52:02 +0000},
	Date-Modified = {2016-03-18 18:52:02 +0000},
	Doi = {10.1007/s002080100255},
	Fjournal = {Mathematische Annalen},
	Issn = {0025-5831},
	Journal = {Math. Ann.},
	Mrclass = {14D20 (14D22)},
	Mrnumber = {1872531 (2002k:14020)},
	Mrreviewer = {Jean-Marc Drezet},
	Number = {4},
	Pages = {817--884},
	Title = {Moduli spaces of stable sheaves on abelian surfaces},
	Url = {http://dx.doi.org.proxy.libraries.rutgers.edu/10.1007/s002080100255},
	Volume = {321},
	Year = {2001},
	Bdsk-Url-1 = {http://www.ams.org.proxy.libraries.rutgers.edu/mathscinet-getitem?mr=1872531}}

@article{Yos03,
	Author = {K. Yoshioka},
	Date-Added = {2016-03-18 18:52:02 +0000},
	Date-Modified = {2016-03-18 18:52:02 +0000},
	Journal = {Compositio Math.},
	Number = {3},
	Pages = {261-288},
	Title = {Twisted stability and {F}ourier-{M}ukai transform {I}},
	Volume = {138},
	Year = {2003}}

@article{Yos12,
	Author = {K. Yoshioka},
	Date-Added = {2016-03-18 18:52:02 +0000},
	Date-Modified = {2016-03-18 18:52:02 +0000},
	Eprint = {1206.4838},
	Journal = {arXiv:math/1206.4838},
	Title = {Bridgeland's stability and the positive cone of the moduli spaces of stable objects on an abelian surface},
	Url = {http://lanl.arxiv.org/abs/1206.4838},
	Year = {2012},
	Bdsk-Url-1 = {http://lanl.arxiv.org/abs/1206.4838}}

@article{Yos14,
	Author = {K. Yoshioka},
	Date-Added = {2016-03-18 18:52:02 +0000},
	Date-Modified = {2016-03-18 18:52:02 +0000},
	Eprint = {1410.1794},
	Journal = {arXiv:math/1410.1794},
	Title = {A note on stable sheaves on {E}nriques surfaces},
	Url = {http://arxiv.org/abs/1410.1794},
	Year = {2014},
	Bdsk-Url-1 = {http://arxiv.org/abs/1410.1794}}

@article{Yos16a,
	Author = {K. Yoshioka},
	Date-Added = {2016-03-18 18:52:02 +0000},
	Date-Modified = {2016-11-04 01:05:16 +0000},
	Journal = {pre-print},
	Title = {Moduli spaces of stable sheaves on {E}nriques surfaces},
	Year = {2016}}

@article{YY14,
	Author = {S. Yanagida and K. Yoshioka},
	Date-Added = {2016-03-18 18:52:02 +0000},
	Date-Modified = {2016-03-18 18:52:02 +0000},
	Doi = {10.1007/s00209-013-1214-1},
	Fjournal = {Mathematische Zeitschrift},
	Issn = {0025-5874},
	Journal = {Math. Z.},
	Mrclass = {14D20},
	Mrnumber = {3150219},
	Number = {1-2},
	Pages = {571--610},
	Title = {Bridgeland's stabilities on abelian surfaces},
	Url = {http://dx.doi.org.proxy.libraries.rutgers.edu/10.1007/s00209-013-1214-1},
	Volume = {276},
	Year = {2014},
	Bdsk-Url-1 = {http://www.ams.org.proxy.libraries.rutgers.edu/mathscinet-getitem?mr=3150219}}

@article{Zub97,
	Author = {S. Zube},
	Date-Added = {2016-03-18 18:52:02 +0000},
	Date-Modified = {2016-03-18 18:52:02 +0000},
	Doi = {10.1007/BF02361211},
	Fjournal = {Rossi\u\i skaya Akademiya Nauk. Matematicheskie Zametki},
	Issn = {0025-567X},
	Journal = {Mat. Zametki},
	Mrclass = {14J60 (14J28)},
	Mrnumber = {1629793 (99g:14054)},
	Mrreviewer = {Alexey N. Rudakov},
	Number = {6},
	Pages = {825--834},
	Title = {Exceptional vector bundles on {E}nriques surfaces},
	Url = {http://dx.doi.org.proxy.libraries.rutgers.edu/10.1007/BF02361211},
	Volume = {61},
	Year = {1997},
	Bdsk-Url-1 = {http://www.ams.org.proxy.libraries.rutgers.edu/mathscinet-getitem?mr=1629793}}

@article{KS15,
	Author = {A. Krug and P. Sosna},
	Date-Added = {2016-03-17 17:07:13 +0000},
	Date-Modified = {2016-03-17 17:07:39 +0000},
	Doi = {10.1112/jlms/jdv014},
	Fjournal = {Journal of the London Mathematical Society. Second Series},
	Issn = {0024-6107},
	Journal = {J. Lond. Math. Soc. (2)},
	Mrclass = {14F05 (14A20)},
	Mrnumber = {3384503},
	Number = {1},
	Pages = {19--40},
	Title = {Equivalences of equivariant derived categories},
	Url = {http://dx.doi.org.proxy.libraries.rutgers.edu/10.1112/jlms/jdv014},
	Volume = {92},
	Year = {2015},
	Bdsk-Url-1 = {http://www.ams.org.proxy.libraries.rutgers.edu/mathscinet-getitem?mr=3384503}}

@article {Har80,
    AUTHOR = {Hartshorne, Robin},
     TITLE = {Stable reflexive sheaves},
   JOURNAL = {Math. Ann.},
  FJOURNAL = {Mathematische Annalen},
    VOLUME = {254},
      YEAR = {1980},
    NUMBER = {2},
     PAGES = {121--176},
      ISSN = {0025-5831},
     CODEN = {MAANA3},
   MRCLASS = {14F05 (14D22)},
  MRNUMBER = {597077},
MRREVIEWER = {Klaus Hulek},
       DOI = {10.1007/BF01467074},
       URL = {http://dx.doi.org/10.1007/BF01467074},
}

@book {Har67,
    AUTHOR = {Hartshorne, Robin},
     TITLE = {Local cohomology},
    SERIES = {A seminar given by A. Grothendieck, Harvard University, Fall},
    VOLUME = {1961},
 PUBLISHER = {Springer-Verlag, Berlin-New York},
      YEAR = {1967},
     PAGES = {vi+106},
   MRCLASS = {14.55 (18.00)},
  MRNUMBER = {0224620},
MRREVIEWER = {F. Oort},
}

@book {Kun08,
    AUTHOR = {Kunz, Ernst},
     TITLE = {Residues and duality for projective algebraic varieties},
    SERIES = {University Lecture Series},
    VOLUME = {47},
      NOTE = {With the assistance of and contributions by David A. Cox and
              Alicia Dickenstein},
 PUBLISHER = {American Mathematical Society, Providence, RI},
      YEAR = {2008},
     PAGES = {xiv+158},
      ISBN = {978-0-8218-4760-2},
   MRCLASS = {14F10 (32A27)},
  MRNUMBER = {2464546},
MRREVIEWER = {Ana Jerem{\'{\i}}as L{\'o}pez},
       DOI = {10.1090/ulect/047},
       URL = {http://dx.doi.org/10.1090/ulect/047},
}
		

@book {Kol13,
    AUTHOR = {Koll{\'a}r, J{\'a}nos},
     TITLE = {Singularities of the minimal model program},
    SERIES = {Cambridge Tracts in Mathematics},
    VOLUME = {200},
      NOTE = {With a collaboration of S{\'a}ndor Kov{\'a}cs},
 PUBLISHER = {Cambridge University Press, Cambridge},
      YEAR = {2013},
     PAGES = {x+370},
      ISBN = {978-1-107-03534-8},
   MRCLASS = {14E30 (14B05)},
  MRNUMBER = {3057950},
MRREVIEWER = {Tommaso De Fernex},
       DOI = {10.1017/CBO9781139547895},
       URL = {http://dx.doi.org/10.1017/CBO9781139547895},
}
		

@book{Mum08,
	Author = {D. Mumford},
	Date-Added = {2016-03-14 20:59:36 +0000},
	Date-Modified = {2016-03-14 20:59:55 +0000},
	Isbn = {978-81-85931-86-9; 81-85931-86-0},
	Mrclass = {14Kxx},
	Mrnumber = {2514037},
	Note = {With appendices by C. P. Ramanujam and Yuri Manin, Corrected reprint of the second (1974) edition},
	Pages = {xii+263},
	Publisher = {Published for the Tata Institute of Fundamental Research, Bombay; by Hindustan Book Agency, New Delhi},
	Series = {Tata Institute of Fundamental Research Studies in Mathematics},
	Title = {Abelian varieties},
	Volume = {5},
	Year = {2008},
	Bdsk-Url-1 = {http://www.ams.org.proxy.libraries.rutgers.edu/mathscinet-getitem?mr=2514037}}
